%YAML 1.1
%TAG !u! tag:unity3d.com,2011:
--- !u!29 &1
OcclusionCullingSettings:
  m_ObjectHideFlags: 0
  serializedVersion: 2
  m_OcclusionBakeSettings:
    smallestOccluder: 5
    smallestHole: 0.25
    backfaceThreshold: 100
  m_SceneGUID: 00000000000000000000000000000000
  m_OcclusionCullingData: {fileID: 0}
--- !u!104 &2
RenderSettings:
  m_ObjectHideFlags: 0
  serializedVersion: 9
  m_Fog: 0
  m_FogColor: {r: 0.5, g: 0.5, b: 0.5, a: 1}
  m_FogMode: 3
  m_FogDensity: 0.01
  m_LinearFogStart: 0
  m_LinearFogEnd: 300
  m_AmbientSkyColor: {r: 0.212, g: 0.227, b: 0.259, a: 1}
  m_AmbientEquatorColor: {r: 0.114, g: 0.125, b: 0.133, a: 1}
  m_AmbientGroundColor: {r: 0.047, g: 0.043, b: 0.035, a: 1}
  m_AmbientIntensity: 1
  m_AmbientMode: 0
  m_SubtractiveShadowColor: {r: 0.42, g: 0.478, b: 0.627, a: 1}
  m_SkyboxMaterial: {fileID: 10304, guid: 0000000000000000f000000000000000, type: 0}
  m_HaloStrength: 0.5
  m_FlareStrength: 1
  m_FlareFadeSpeed: 3
  m_HaloTexture: {fileID: 0}
  m_SpotCookie: {fileID: 10001, guid: 0000000000000000e000000000000000, type: 0}
  m_DefaultReflectionMode: 0
  m_DefaultReflectionResolution: 128
  m_ReflectionBounces: 1
  m_ReflectionIntensity: 1
  m_CustomReflection: {fileID: 0}
  m_Sun: {fileID: 0}
  m_IndirectSpecularColor: {r: 0.45019585, g: 0.5002366, b: 0.57539874, a: 1}
  m_UseRadianceAmbientProbe: 0
--- !u!157 &3
LightmapSettings:
  m_ObjectHideFlags: 0
  serializedVersion: 12
  m_GIWorkflowMode: 1
  m_GISettings:
    serializedVersion: 2
    m_BounceScale: 1
    m_IndirectOutputScale: 1
    m_AlbedoBoost: 1
    m_EnvironmentLightingMode: 0
    m_EnableBakedLightmaps: 1
    m_EnableRealtimeLightmaps: 0
  m_LightmapEditorSettings:
    serializedVersion: 12
    m_Resolution: 2
    m_BakeResolution: 40
    m_AtlasSize: 1024
    m_AO: 0
    m_AOMaxDistance: 1
    m_CompAOExponent: 1
    m_CompAOExponentDirect: 0
    m_ExtractAmbientOcclusion: 0
    m_Padding: 2
    m_LightmapParameters: {fileID: 0}
    m_LightmapsBakeMode: 1
    m_TextureCompression: 1
    m_FinalGather: 0
    m_FinalGatherFiltering: 1
    m_FinalGatherRayCount: 256
    m_ReflectionCompression: 2
    m_MixedBakeMode: 2
    m_BakeBackend: 1
    m_PVRSampling: 1
    m_PVRDirectSampleCount: 32
    m_PVRSampleCount: 512
    m_PVRBounces: 2
    m_PVREnvironmentSampleCount: 256
    m_PVREnvironmentReferencePointCount: 2048
    m_PVRFilteringMode: 1
    m_PVRDenoiserTypeDirect: 1
    m_PVRDenoiserTypeIndirect: 1
    m_PVRDenoiserTypeAO: 1
    m_PVRFilterTypeDirect: 0
    m_PVRFilterTypeIndirect: 0
    m_PVRFilterTypeAO: 0
    m_PVREnvironmentMIS: 1
    m_PVRCulling: 1
    m_PVRFilteringGaussRadiusDirect: 1
    m_PVRFilteringGaussRadiusIndirect: 5
    m_PVRFilteringGaussRadiusAO: 2
    m_PVRFilteringAtrousPositionSigmaDirect: 0.5
    m_PVRFilteringAtrousPositionSigmaIndirect: 2
    m_PVRFilteringAtrousPositionSigmaAO: 1
    m_ExportTrainingData: 0
    m_TrainingDataDestination: TrainingData
    m_LightProbeSampleCountMultiplier: 4
  m_LightingDataAsset: {fileID: 112000000, guid: b67b90200f4b8eb4ba6521e5d6e57630, type: 2}
  m_LightingSettings: {fileID: 0}
--- !u!196 &4
NavMeshSettings:
  serializedVersion: 2
  m_ObjectHideFlags: 0
  m_BuildSettings:
    serializedVersion: 2
    agentTypeID: 0
    agentRadius: 0.5
    agentHeight: 2
    agentSlope: 45
    agentClimb: 0.4
    ledgeDropHeight: 0
    maxJumpAcrossDistance: 0
    minRegionArea: 2
    manualCellSize: 0
    cellSize: 0.16666667
    manualTileSize: 0
    tileSize: 256
    accuratePlacement: 0
    maxJobWorkers: 0
    preserveTilesOutsideBounds: 0
    debug:
      m_Flags: 0
  m_NavMeshData: {fileID: 0}
--- !u!1001 &3414240
PrefabInstance:
  m_ObjectHideFlags: 0
  serializedVersion: 2
  m_Modification:
    m_TransformParent: {fileID: 1745667827}
    m_Modifications:
    - target: {fileID: 8937307835678932536, guid: 04306e5af15b40a439a5b58ffe9df047, type: 3}
      propertyPath: m_RootOrder
      value: 14
      objectReference: {fileID: 0}
    - target: {fileID: 8937307835678932536, guid: 04306e5af15b40a439a5b58ffe9df047, type: 3}
      propertyPath: m_LocalPosition.x
      value: 0
      objectReference: {fileID: 0}
    - target: {fileID: 8937307835678932536, guid: 04306e5af15b40a439a5b58ffe9df047, type: 3}
      propertyPath: m_LocalPosition.y
      value: 0
      objectReference: {fileID: 0}
    - target: {fileID: 8937307835678932536, guid: 04306e5af15b40a439a5b58ffe9df047, type: 3}
      propertyPath: m_LocalPosition.z
      value: -260
      objectReference: {fileID: 0}
    - target: {fileID: 8937307835678932536, guid: 04306e5af15b40a439a5b58ffe9df047, type: 3}
      propertyPath: m_LocalRotation.w
      value: 1
      objectReference: {fileID: 0}
    - target: {fileID: 8937307835678932536, guid: 04306e5af15b40a439a5b58ffe9df047, type: 3}
      propertyPath: m_LocalRotation.x
      value: 0
      objectReference: {fileID: 0}
    - target: {fileID: 8937307835678932536, guid: 04306e5af15b40a439a5b58ffe9df047, type: 3}
      propertyPath: m_LocalRotation.y
      value: 0
      objectReference: {fileID: 0}
    - target: {fileID: 8937307835678932536, guid: 04306e5af15b40a439a5b58ffe9df047, type: 3}
      propertyPath: m_LocalRotation.z
      value: 0
      objectReference: {fileID: 0}
    - target: {fileID: 8937307835678932536, guid: 04306e5af15b40a439a5b58ffe9df047, type: 3}
      propertyPath: m_LocalEulerAnglesHint.x
      value: 0
      objectReference: {fileID: 0}
    - target: {fileID: 8937307835678932536, guid: 04306e5af15b40a439a5b58ffe9df047, type: 3}
      propertyPath: m_LocalEulerAnglesHint.y
      value: 0
      objectReference: {fileID: 0}
    - target: {fileID: 8937307835678932536, guid: 04306e5af15b40a439a5b58ffe9df047, type: 3}
      propertyPath: m_LocalEulerAnglesHint.z
      value: 0
      objectReference: {fileID: 0}
    - target: {fileID: 8937307835678932537, guid: 04306e5af15b40a439a5b58ffe9df047, type: 3}
      propertyPath: m_Name
      value: WaterRow_14
      objectReference: {fileID: 0}
    m_RemovedComponents: []
  m_SourcePrefab: {fileID: 100100000, guid: 04306e5af15b40a439a5b58ffe9df047, type: 3}
--- !u!4 &3414241 stripped
Transform:
  m_CorrespondingSourceObject: {fileID: 8937307835678932536, guid: 04306e5af15b40a439a5b58ffe9df047, type: 3}
  m_PrefabInstance: {fileID: 3414240}
  m_PrefabAsset: {fileID: 0}
--- !u!1 &117650733
GameObject:
  m_ObjectHideFlags: 0
  m_CorrespondingSourceObject: {fileID: 0}
  m_PrefabInstance: {fileID: 0}
  m_PrefabAsset: {fileID: 0}
  serializedVersion: 6
  m_Component:
  - component: {fileID: 117650734}
  - component: {fileID: 117650736}
  - component: {fileID: 117650735}
  - component: {fileID: 117650737}
  m_Layer: 5
  m_Name: Map_Image
  m_TagString: Untagged
  m_Icon: {fileID: 0}
  m_NavMeshLayer: 0
  m_StaticEditorFlags: 0
  m_IsActive: 1
--- !u!224 &117650734
RectTransform:
  m_ObjectHideFlags: 0
  m_CorrespondingSourceObject: {fileID: 0}
  m_PrefabInstance: {fileID: 0}
  m_PrefabAsset: {fileID: 0}
  m_GameObject: {fileID: 117650733}
  m_LocalRotation: {x: -0, y: -0, z: -0, w: 1}
  m_LocalPosition: {x: 0, y: 0, z: 0}
  m_LocalScale: {x: 1, y: 1, z: 1}
  m_ConstrainProportionsScale: 0
  m_Children:
  - {fileID: 8707847735137108838}
  m_Father: {fileID: 1826370222}
  m_RootOrder: 1
  m_LocalEulerAnglesHint: {x: 0, y: 0, z: 0}
  m_AnchorMin: {x: 0, y: 1}
  m_AnchorMax: {x: 0, y: 1}
  m_AnchoredPosition: {x: 15, y: -15}
  m_SizeDelta: {x: 320, y: 320}
  m_Pivot: {x: 0, y: 1}
--- !u!114 &117650735
MonoBehaviour:
  m_ObjectHideFlags: 0
  m_CorrespondingSourceObject: {fileID: 0}
  m_PrefabInstance: {fileID: 0}
  m_PrefabAsset: {fileID: 0}
  m_GameObject: {fileID: 117650733}
  m_Enabled: 1
  m_EditorHideFlags: 0
  m_Script: {fileID: 11500000, guid: 1344c3c82d62a2a41a3576d8abb8e3ea, type: 3}
  m_Name: 
  m_EditorClassIdentifier: 
  m_Material: {fileID: 2100000, guid: 7e2cac7a3820867419d737c59d50de0e, type: 2}
  m_Color: {r: 1, g: 1, b: 1, a: 1}
  m_RaycastTarget: 0
  m_RaycastPadding: {x: 0, y: 0, z: 0, w: 0}
  m_Maskable: 1
  m_OnCullStateChanged:
    m_PersistentCalls:
      m_Calls: []
  m_Texture: {fileID: 2800000, guid: 8a35b88061019425cb57a704418902c4, type: 3}
  m_UVRect:
    serializedVersion: 2
    x: 0
    y: 0
    width: 1
    height: 1
--- !u!222 &117650736
CanvasRenderer:
  m_ObjectHideFlags: 0
  m_CorrespondingSourceObject: {fileID: 0}
  m_PrefabInstance: {fileID: 0}
  m_PrefabAsset: {fileID: 0}
  m_GameObject: {fileID: 117650733}
  m_CullTransparentMesh: 1
--- !u!114 &117650737
MonoBehaviour:
  m_ObjectHideFlags: 0
  m_CorrespondingSourceObject: {fileID: 0}
  m_PrefabInstance: {fileID: 0}
  m_PrefabAsset: {fileID: 0}
  m_GameObject: {fileID: 117650733}
  m_Enabled: 1
  m_EditorHideFlags: 0
  m_Script: {fileID: 11500000, guid: 0b088b7f9c205406695902bc4adb4440, type: 3}
  m_Name: 
  m_EditorClassIdentifier: 
  settingsSO: {fileID: 11400000, guid: fcbe4d03db357446fa3f3b9b10d39145, type: 2}
  rend: {fileID: 0}
  image: {fileID: 117650735}
--- !u!1001 &120315980
PrefabInstance:
  m_ObjectHideFlags: 0
  serializedVersion: 2
  m_Modification:
    m_TransformParent: {fileID: 1745667827}
    m_Modifications:
    - target: {fileID: 8937307835678932536, guid: 04306e5af15b40a439a5b58ffe9df047, type: 3}
      propertyPath: m_RootOrder
      value: 10
      objectReference: {fileID: 0}
    - target: {fileID: 8937307835678932536, guid: 04306e5af15b40a439a5b58ffe9df047, type: 3}
      propertyPath: m_LocalPosition.x
      value: 0
      objectReference: {fileID: 0}
    - target: {fileID: 8937307835678932536, guid: 04306e5af15b40a439a5b58ffe9df047, type: 3}
      propertyPath: m_LocalPosition.y
      value: 0
      objectReference: {fileID: 0}
    - target: {fileID: 8937307835678932536, guid: 04306e5af15b40a439a5b58ffe9df047, type: 3}
      propertyPath: m_LocalPosition.z
      value: -100
      objectReference: {fileID: 0}
    - target: {fileID: 8937307835678932536, guid: 04306e5af15b40a439a5b58ffe9df047, type: 3}
      propertyPath: m_LocalRotation.w
      value: 1
      objectReference: {fileID: 0}
    - target: {fileID: 8937307835678932536, guid: 04306e5af15b40a439a5b58ffe9df047, type: 3}
      propertyPath: m_LocalRotation.x
      value: 0
      objectReference: {fileID: 0}
    - target: {fileID: 8937307835678932536, guid: 04306e5af15b40a439a5b58ffe9df047, type: 3}
      propertyPath: m_LocalRotation.y
      value: 0
      objectReference: {fileID: 0}
    - target: {fileID: 8937307835678932536, guid: 04306e5af15b40a439a5b58ffe9df047, type: 3}
      propertyPath: m_LocalRotation.z
      value: 0
      objectReference: {fileID: 0}
    - target: {fileID: 8937307835678932536, guid: 04306e5af15b40a439a5b58ffe9df047, type: 3}
      propertyPath: m_LocalEulerAnglesHint.x
      value: 0
      objectReference: {fileID: 0}
    - target: {fileID: 8937307835678932536, guid: 04306e5af15b40a439a5b58ffe9df047, type: 3}
      propertyPath: m_LocalEulerAnglesHint.y
      value: 0
      objectReference: {fileID: 0}
    - target: {fileID: 8937307835678932536, guid: 04306e5af15b40a439a5b58ffe9df047, type: 3}
      propertyPath: m_LocalEulerAnglesHint.z
      value: 0
      objectReference: {fileID: 0}
    - target: {fileID: 8937307835678932537, guid: 04306e5af15b40a439a5b58ffe9df047, type: 3}
      propertyPath: m_Name
      value: WaterRow_10
      objectReference: {fileID: 0}
    m_RemovedComponents: []
  m_SourcePrefab: {fileID: 100100000, guid: 04306e5af15b40a439a5b58ffe9df047, type: 3}
--- !u!4 &120315981 stripped
Transform:
  m_CorrespondingSourceObject: {fileID: 8937307835678932536, guid: 04306e5af15b40a439a5b58ffe9df047, type: 3}
  m_PrefabInstance: {fileID: 120315980}
  m_PrefabAsset: {fileID: 0}
--- !u!1 &203844586
GameObject:
  m_ObjectHideFlags: 0
  m_CorrespondingSourceObject: {fileID: 0}
  m_PrefabInstance: {fileID: 0}
  m_PrefabAsset: {fileID: 0}
  serializedVersion: 6
  m_Component:
  - component: {fileID: 203844589}
  - component: {fileID: 203844588}
  - component: {fileID: 203844587}
  m_Layer: 0
  m_Name: Directional Light
  m_TagString: Untagged
  m_Icon: {fileID: 0}
  m_NavMeshLayer: 0
  m_StaticEditorFlags: 0
  m_IsActive: 1
--- !u!114 &203844587
MonoBehaviour:
  m_ObjectHideFlags: 0
  m_CorrespondingSourceObject: {fileID: 0}
  m_PrefabInstance: {fileID: 0}
  m_PrefabAsset: {fileID: 0}
  m_GameObject: {fileID: 203844586}
  m_Enabled: 1
  m_EditorHideFlags: 0
  m_Script: {fileID: 11500000, guid: 474bcb49853aa07438625e644c072ee6, type: 3}
  m_Name: 
  m_EditorClassIdentifier: 
  m_Version: 1
  m_UsePipelineSettings: 1
  m_AdditionalLightsShadowResolutionTier: 2
  m_LightLayerMask: 1
  m_CustomShadowLayers: 0
  m_ShadowLayerMask: 1
  m_LightCookieSize: {x: 1, y: 1}
  m_LightCookieOffset: {x: 0, y: 0}
--- !u!108 &203844588
Light:
  m_ObjectHideFlags: 0
  m_CorrespondingSourceObject: {fileID: 0}
  m_PrefabInstance: {fileID: 0}
  m_PrefabAsset: {fileID: 0}
  m_GameObject: {fileID: 203844586}
  m_Enabled: 1
  serializedVersion: 10
  m_Type: 1
  m_Shape: 0
  m_Color: {r: 1, g: 0.95686275, b: 0.8392157, a: 1}
  m_Intensity: 1
  m_Range: 10
  m_SpotAngle: 30
  m_InnerSpotAngle: 21.80208
  m_CookieSize: 10
  m_Shadows:
    m_Type: 2
    m_Resolution: -1
    m_CustomResolution: -1
    m_Strength: 1
    m_Bias: 0.05
    m_NormalBias: 0.4
    m_NearPlane: 0.2
    m_CullingMatrixOverride:
      e00: 1
      e01: 0
      e02: 0
      e03: 0
      e10: 0
      e11: 1
      e12: 0
      e13: 0
      e20: 0
      e21: 0
      e22: 1
      e23: 0
      e30: 0
      e31: 0
      e32: 0
      e33: 1
    m_UseCullingMatrixOverride: 0
  m_Cookie: {fileID: 0}
  m_DrawHalo: 0
  m_Flare: {fileID: 0}
  m_RenderMode: 0
  m_CullingMask:
    serializedVersion: 2
    m_Bits: 4294967295
  m_RenderingLayerMask: 1
  m_Lightmapping: 4
  m_LightShadowCasterMode: 0
  m_AreaSize: {x: 1, y: 1}
  m_BounceIntensity: 1
  m_ColorTemperature: 6570
  m_UseColorTemperature: 0
  m_BoundingSphereOverride: {x: 0, y: 0, z: 0, w: 0}
  m_UseBoundingSphereOverride: 0
  m_UseViewFrustumForShadowCasterCull: 1
  m_ShadowRadius: 0
  m_ShadowAngle: 0
--- !u!4 &203844589
Transform:
  m_ObjectHideFlags: 0
  m_CorrespondingSourceObject: {fileID: 0}
  m_PrefabInstance: {fileID: 0}
  m_PrefabAsset: {fileID: 0}
  m_GameObject: {fileID: 203844586}
  m_LocalRotation: {x: 0.30318928, y: -0.13551623, z: 0.22050652, w: 0.91710883}
  m_LocalPosition: {x: 0, y: 310, z: -51}
  m_LocalScale: {x: 1, y: 1, z: 1}
  m_ConstrainProportionsScale: 0
  m_Children: []
  m_Father: {fileID: 0}
  m_RootOrder: 2
  m_LocalEulerAnglesHint: {x: 38.016, y: -8.383, z: 24.146}
--- !u!1001 &299449837
PrefabInstance:
  m_ObjectHideFlags: 0
  serializedVersion: 2
  m_Modification:
    m_TransformParent: {fileID: 0}
    m_Modifications:
    - target: {fileID: 6184872203763171321, guid: e0bee3b7efcdd494dbebb16fee216d06, type: 3}
      propertyPath: m_Name
      value: Xnput Prefab
      objectReference: {fileID: 0}
    - target: {fileID: 6184872203763171323, guid: e0bee3b7efcdd494dbebb16fee216d06, type: 3}
      propertyPath: m_RootOrder
      value: 5
      objectReference: {fileID: 0}
    - target: {fileID: 6184872203763171323, guid: e0bee3b7efcdd494dbebb16fee216d06, type: 3}
      propertyPath: m_LocalPosition.x
      value: 0
      objectReference: {fileID: 0}
    - target: {fileID: 6184872203763171323, guid: e0bee3b7efcdd494dbebb16fee216d06, type: 3}
      propertyPath: m_LocalPosition.y
      value: 1000
      objectReference: {fileID: 0}
    - target: {fileID: 6184872203763171323, guid: e0bee3b7efcdd494dbebb16fee216d06, type: 3}
      propertyPath: m_LocalPosition.z
      value: 0
      objectReference: {fileID: 0}
    - target: {fileID: 6184872203763171323, guid: e0bee3b7efcdd494dbebb16fee216d06, type: 3}
      propertyPath: m_LocalRotation.w
      value: 1
      objectReference: {fileID: 0}
    - target: {fileID: 6184872203763171323, guid: e0bee3b7efcdd494dbebb16fee216d06, type: 3}
      propertyPath: m_LocalRotation.x
      value: 0
      objectReference: {fileID: 0}
    - target: {fileID: 6184872203763171323, guid: e0bee3b7efcdd494dbebb16fee216d06, type: 3}
      propertyPath: m_LocalRotation.y
      value: 0
      objectReference: {fileID: 0}
    - target: {fileID: 6184872203763171323, guid: e0bee3b7efcdd494dbebb16fee216d06, type: 3}
      propertyPath: m_LocalRotation.z
      value: 0
      objectReference: {fileID: 0}
    - target: {fileID: 6184872203763171323, guid: e0bee3b7efcdd494dbebb16fee216d06, type: 3}
      propertyPath: m_LocalEulerAnglesHint.x
      value: 0
      objectReference: {fileID: 0}
    - target: {fileID: 6184872203763171323, guid: e0bee3b7efcdd494dbebb16fee216d06, type: 3}
      propertyPath: m_LocalEulerAnglesHint.y
      value: 0
      objectReference: {fileID: 0}
    - target: {fileID: 6184872203763171323, guid: e0bee3b7efcdd494dbebb16fee216d06, type: 3}
      propertyPath: m_LocalEulerAnglesHint.z
      value: 0
      objectReference: {fileID: 0}
    m_RemovedComponents: []
  m_SourcePrefab: {fileID: 100100000, guid: e0bee3b7efcdd494dbebb16fee216d06, type: 3}
--- !u!1001 &315685053
PrefabInstance:
  m_ObjectHideFlags: 0
  serializedVersion: 2
  m_Modification:
    m_TransformParent: {fileID: 1745667827}
    m_Modifications:
    - target: {fileID: 8937307835678932536, guid: 04306e5af15b40a439a5b58ffe9df047, type: 3}
      propertyPath: m_RootOrder
      value: 15
      objectReference: {fileID: 0}
    - target: {fileID: 8937307835678932536, guid: 04306e5af15b40a439a5b58ffe9df047, type: 3}
      propertyPath: m_LocalPosition.x
      value: 0
      objectReference: {fileID: 0}
    - target: {fileID: 8937307835678932536, guid: 04306e5af15b40a439a5b58ffe9df047, type: 3}
      propertyPath: m_LocalPosition.y
      value: 0
      objectReference: {fileID: 0}
    - target: {fileID: 8937307835678932536, guid: 04306e5af15b40a439a5b58ffe9df047, type: 3}
      propertyPath: m_LocalPosition.z
      value: -300
      objectReference: {fileID: 0}
    - target: {fileID: 8937307835678932536, guid: 04306e5af15b40a439a5b58ffe9df047, type: 3}
      propertyPath: m_LocalRotation.w
      value: 1
      objectReference: {fileID: 0}
    - target: {fileID: 8937307835678932536, guid: 04306e5af15b40a439a5b58ffe9df047, type: 3}
      propertyPath: m_LocalRotation.x
      value: 0
      objectReference: {fileID: 0}
    - target: {fileID: 8937307835678932536, guid: 04306e5af15b40a439a5b58ffe9df047, type: 3}
      propertyPath: m_LocalRotation.y
      value: 0
      objectReference: {fileID: 0}
    - target: {fileID: 8937307835678932536, guid: 04306e5af15b40a439a5b58ffe9df047, type: 3}
      propertyPath: m_LocalRotation.z
      value: 0
      objectReference: {fileID: 0}
    - target: {fileID: 8937307835678932536, guid: 04306e5af15b40a439a5b58ffe9df047, type: 3}
      propertyPath: m_LocalEulerAnglesHint.x
      value: 0
      objectReference: {fileID: 0}
    - target: {fileID: 8937307835678932536, guid: 04306e5af15b40a439a5b58ffe9df047, type: 3}
      propertyPath: m_LocalEulerAnglesHint.y
      value: 0
      objectReference: {fileID: 0}
    - target: {fileID: 8937307835678932536, guid: 04306e5af15b40a439a5b58ffe9df047, type: 3}
      propertyPath: m_LocalEulerAnglesHint.z
      value: 0
      objectReference: {fileID: 0}
    - target: {fileID: 8937307835678932537, guid: 04306e5af15b40a439a5b58ffe9df047, type: 3}
      propertyPath: m_Name
      value: WaterRow_15
      objectReference: {fileID: 0}
    m_RemovedComponents: []
  m_SourcePrefab: {fileID: 100100000, guid: 04306e5af15b40a439a5b58ffe9df047, type: 3}
--- !u!4 &315685054 stripped
Transform:
  m_CorrespondingSourceObject: {fileID: 8937307835678932536, guid: 04306e5af15b40a439a5b58ffe9df047, type: 3}
  m_PrefabInstance: {fileID: 315685053}
  m_PrefabAsset: {fileID: 0}
--- !u!1001 &562160136
PrefabInstance:
  m_ObjectHideFlags: 0
  serializedVersion: 2
  m_Modification:
    m_TransformParent: {fileID: 1745667827}
    m_Modifications:
    - target: {fileID: 8937307835678932536, guid: 04306e5af15b40a439a5b58ffe9df047, type: 3}
      propertyPath: m_RootOrder
      value: 13
      objectReference: {fileID: 0}
    - target: {fileID: 8937307835678932536, guid: 04306e5af15b40a439a5b58ffe9df047, type: 3}
      propertyPath: m_LocalPosition.x
      value: 0
      objectReference: {fileID: 0}
    - target: {fileID: 8937307835678932536, guid: 04306e5af15b40a439a5b58ffe9df047, type: 3}
      propertyPath: m_LocalPosition.y
      value: 0
      objectReference: {fileID: 0}
    - target: {fileID: 8937307835678932536, guid: 04306e5af15b40a439a5b58ffe9df047, type: 3}
      propertyPath: m_LocalPosition.z
      value: -220
      objectReference: {fileID: 0}
    - target: {fileID: 8937307835678932536, guid: 04306e5af15b40a439a5b58ffe9df047, type: 3}
      propertyPath: m_LocalRotation.w
      value: 1
      objectReference: {fileID: 0}
    - target: {fileID: 8937307835678932536, guid: 04306e5af15b40a439a5b58ffe9df047, type: 3}
      propertyPath: m_LocalRotation.x
      value: 0
      objectReference: {fileID: 0}
    - target: {fileID: 8937307835678932536, guid: 04306e5af15b40a439a5b58ffe9df047, type: 3}
      propertyPath: m_LocalRotation.y
      value: 0
      objectReference: {fileID: 0}
    - target: {fileID: 8937307835678932536, guid: 04306e5af15b40a439a5b58ffe9df047, type: 3}
      propertyPath: m_LocalRotation.z
      value: 0
      objectReference: {fileID: 0}
    - target: {fileID: 8937307835678932536, guid: 04306e5af15b40a439a5b58ffe9df047, type: 3}
      propertyPath: m_LocalEulerAnglesHint.x
      value: 0
      objectReference: {fileID: 0}
    - target: {fileID: 8937307835678932536, guid: 04306e5af15b40a439a5b58ffe9df047, type: 3}
      propertyPath: m_LocalEulerAnglesHint.y
      value: 0
      objectReference: {fileID: 0}
    - target: {fileID: 8937307835678932536, guid: 04306e5af15b40a439a5b58ffe9df047, type: 3}
      propertyPath: m_LocalEulerAnglesHint.z
      value: 0
      objectReference: {fileID: 0}
    - target: {fileID: 8937307835678932537, guid: 04306e5af15b40a439a5b58ffe9df047, type: 3}
      propertyPath: m_Name
      value: WaterRow_13
      objectReference: {fileID: 0}
    m_RemovedComponents: []
  m_SourcePrefab: {fileID: 100100000, guid: 04306e5af15b40a439a5b58ffe9df047, type: 3}
--- !u!4 &562160137 stripped
Transform:
  m_CorrespondingSourceObject: {fileID: 8937307835678932536, guid: 04306e5af15b40a439a5b58ffe9df047, type: 3}
  m_PrefabInstance: {fileID: 562160136}
  m_PrefabAsset: {fileID: 0}
--- !u!1001 &574058608
PrefabInstance:
  m_ObjectHideFlags: 0
  serializedVersion: 2
  m_Modification:
    m_TransformParent: {fileID: 1745667827}
    m_Modifications:
    - target: {fileID: 8937307835678932536, guid: 04306e5af15b40a439a5b58ffe9df047, type: 3}
      propertyPath: m_RootOrder
      value: 3
      objectReference: {fileID: 0}
    - target: {fileID: 8937307835678932536, guid: 04306e5af15b40a439a5b58ffe9df047, type: 3}
      propertyPath: m_LocalPosition.x
      value: 0
      objectReference: {fileID: 0}
    - target: {fileID: 8937307835678932536, guid: 04306e5af15b40a439a5b58ffe9df047, type: 3}
      propertyPath: m_LocalPosition.y
      value: 0
      objectReference: {fileID: 0}
    - target: {fileID: 8937307835678932536, guid: 04306e5af15b40a439a5b58ffe9df047, type: 3}
      propertyPath: m_LocalPosition.z
      value: 180
      objectReference: {fileID: 0}
    - target: {fileID: 8937307835678932536, guid: 04306e5af15b40a439a5b58ffe9df047, type: 3}
      propertyPath: m_LocalRotation.w
      value: 1
      objectReference: {fileID: 0}
    - target: {fileID: 8937307835678932536, guid: 04306e5af15b40a439a5b58ffe9df047, type: 3}
      propertyPath: m_LocalRotation.x
      value: 0
      objectReference: {fileID: 0}
    - target: {fileID: 8937307835678932536, guid: 04306e5af15b40a439a5b58ffe9df047, type: 3}
      propertyPath: m_LocalRotation.y
      value: 0
      objectReference: {fileID: 0}
    - target: {fileID: 8937307835678932536, guid: 04306e5af15b40a439a5b58ffe9df047, type: 3}
      propertyPath: m_LocalRotation.z
      value: 0
      objectReference: {fileID: 0}
    - target: {fileID: 8937307835678932536, guid: 04306e5af15b40a439a5b58ffe9df047, type: 3}
      propertyPath: m_LocalEulerAnglesHint.x
      value: 0
      objectReference: {fileID: 0}
    - target: {fileID: 8937307835678932536, guid: 04306e5af15b40a439a5b58ffe9df047, type: 3}
      propertyPath: m_LocalEulerAnglesHint.y
      value: 0
      objectReference: {fileID: 0}
    - target: {fileID: 8937307835678932536, guid: 04306e5af15b40a439a5b58ffe9df047, type: 3}
      propertyPath: m_LocalEulerAnglesHint.z
      value: 0
      objectReference: {fileID: 0}
    - target: {fileID: 8937307835678932537, guid: 04306e5af15b40a439a5b58ffe9df047, type: 3}
      propertyPath: m_Name
      value: WaterRow_03
      objectReference: {fileID: 0}
    m_RemovedComponents: []
  m_SourcePrefab: {fileID: 100100000, guid: 04306e5af15b40a439a5b58ffe9df047, type: 3}
--- !u!4 &574058609 stripped
Transform:
  m_CorrespondingSourceObject: {fileID: 8937307835678932536, guid: 04306e5af15b40a439a5b58ffe9df047, type: 3}
  m_PrefabInstance: {fileID: 574058608}
  m_PrefabAsset: {fileID: 0}
--- !u!1001 &662179675
PrefabInstance:
  m_ObjectHideFlags: 0
  serializedVersion: 2
  m_Modification:
    m_TransformParent: {fileID: 1745667827}
    m_Modifications:
    - target: {fileID: 8937307835678932536, guid: 04306e5af15b40a439a5b58ffe9df047, type: 3}
      propertyPath: m_RootOrder
      value: 11
      objectReference: {fileID: 0}
    - target: {fileID: 8937307835678932536, guid: 04306e5af15b40a439a5b58ffe9df047, type: 3}
      propertyPath: m_LocalPosition.x
      value: 0
      objectReference: {fileID: 0}
    - target: {fileID: 8937307835678932536, guid: 04306e5af15b40a439a5b58ffe9df047, type: 3}
      propertyPath: m_LocalPosition.y
      value: 0
      objectReference: {fileID: 0}
    - target: {fileID: 8937307835678932536, guid: 04306e5af15b40a439a5b58ffe9df047, type: 3}
      propertyPath: m_LocalPosition.z
      value: -140
      objectReference: {fileID: 0}
    - target: {fileID: 8937307835678932536, guid: 04306e5af15b40a439a5b58ffe9df047, type: 3}
      propertyPath: m_LocalRotation.w
      value: 1
      objectReference: {fileID: 0}
    - target: {fileID: 8937307835678932536, guid: 04306e5af15b40a439a5b58ffe9df047, type: 3}
      propertyPath: m_LocalRotation.x
      value: 0
      objectReference: {fileID: 0}
    - target: {fileID: 8937307835678932536, guid: 04306e5af15b40a439a5b58ffe9df047, type: 3}
      propertyPath: m_LocalRotation.y
      value: 0
      objectReference: {fileID: 0}
    - target: {fileID: 8937307835678932536, guid: 04306e5af15b40a439a5b58ffe9df047, type: 3}
      propertyPath: m_LocalRotation.z
      value: 0
      objectReference: {fileID: 0}
    - target: {fileID: 8937307835678932536, guid: 04306e5af15b40a439a5b58ffe9df047, type: 3}
      propertyPath: m_LocalEulerAnglesHint.x
      value: 0
      objectReference: {fileID: 0}
    - target: {fileID: 8937307835678932536, guid: 04306e5af15b40a439a5b58ffe9df047, type: 3}
      propertyPath: m_LocalEulerAnglesHint.y
      value: 0
      objectReference: {fileID: 0}
    - target: {fileID: 8937307835678932536, guid: 04306e5af15b40a439a5b58ffe9df047, type: 3}
      propertyPath: m_LocalEulerAnglesHint.z
      value: 0
      objectReference: {fileID: 0}
    - target: {fileID: 8937307835678932537, guid: 04306e5af15b40a439a5b58ffe9df047, type: 3}
      propertyPath: m_Name
      value: WaterRow_11
      objectReference: {fileID: 0}
    m_RemovedComponents: []
  m_SourcePrefab: {fileID: 100100000, guid: 04306e5af15b40a439a5b58ffe9df047, type: 3}
--- !u!4 &662179676 stripped
Transform:
  m_CorrespondingSourceObject: {fileID: 8937307835678932536, guid: 04306e5af15b40a439a5b58ffe9df047, type: 3}
  m_PrefabInstance: {fileID: 662179675}
  m_PrefabAsset: {fileID: 0}
--- !u!1001 &691027953
PrefabInstance:
  m_ObjectHideFlags: 0
  serializedVersion: 2
  m_Modification:
    m_TransformParent: {fileID: 0}
    m_Modifications:
    - target: {fileID: 7324894176039872479, guid: 23f4265a90f85f942bb64c5ddbe4da1b, type: 3}
      propertyPath: m_LocalPosition.z
      value: -256
      objectReference: {fileID: 0}
    - target: {fileID: 7324894177298665326, guid: 23f4265a90f85f942bb64c5ddbe4da1b, type: 3}
      propertyPath: m_Name
      value: CameraRig
      objectReference: {fileID: 0}
    - target: {fileID: 7324894177298665327, guid: 23f4265a90f85f942bb64c5ddbe4da1b, type: 3}
      propertyPath: m_RootOrder
      value: 3
      objectReference: {fileID: 0}
    - target: {fileID: 7324894177298665327, guid: 23f4265a90f85f942bb64c5ddbe4da1b, type: 3}
      propertyPath: m_LocalPosition.x
      value: 0
      objectReference: {fileID: 0}
    - target: {fileID: 7324894177298665327, guid: 23f4265a90f85f942bb64c5ddbe4da1b, type: 3}
      propertyPath: m_LocalPosition.y
      value: 0
      objectReference: {fileID: 0}
    - target: {fileID: 7324894177298665327, guid: 23f4265a90f85f942bb64c5ddbe4da1b, type: 3}
      propertyPath: m_LocalPosition.z
      value: 0
      objectReference: {fileID: 0}
    - target: {fileID: 7324894177298665327, guid: 23f4265a90f85f942bb64c5ddbe4da1b, type: 3}
      propertyPath: m_LocalRotation.w
      value: 1
      objectReference: {fileID: 0}
    - target: {fileID: 7324894177298665327, guid: 23f4265a90f85f942bb64c5ddbe4da1b, type: 3}
      propertyPath: m_LocalRotation.x
      value: 0
      objectReference: {fileID: 0}
    - target: {fileID: 7324894177298665327, guid: 23f4265a90f85f942bb64c5ddbe4da1b, type: 3}
      propertyPath: m_LocalRotation.y
      value: 0
      objectReference: {fileID: 0}
    - target: {fileID: 7324894177298665327, guid: 23f4265a90f85f942bb64c5ddbe4da1b, type: 3}
      propertyPath: m_LocalRotation.z
      value: 0
      objectReference: {fileID: 0}
    - target: {fileID: 7324894177298665327, guid: 23f4265a90f85f942bb64c5ddbe4da1b, type: 3}
      propertyPath: m_LocalEulerAnglesHint.x
      value: 0
      objectReference: {fileID: 0}
    - target: {fileID: 7324894177298665327, guid: 23f4265a90f85f942bb64c5ddbe4da1b, type: 3}
      propertyPath: m_LocalEulerAnglesHint.y
      value: 0
      objectReference: {fileID: 0}
    - target: {fileID: 7324894177298665327, guid: 23f4265a90f85f942bb64c5ddbe4da1b, type: 3}
      propertyPath: m_LocalEulerAnglesHint.z
      value: 0
      objectReference: {fileID: 0}
    m_RemovedComponents: []
  m_SourcePrefab: {fileID: 100100000, guid: 23f4265a90f85f942bb64c5ddbe4da1b, type: 3}
--- !u!1 &691027954 stripped
GameObject:
  m_CorrespondingSourceObject: {fileID: 7324894177298665326, guid: 23f4265a90f85f942bb64c5ddbe4da1b, type: 3}
  m_PrefabInstance: {fileID: 691027953}
  m_PrefabAsset: {fileID: 0}
--- !u!114 &691027955
MonoBehaviour:
  m_ObjectHideFlags: 0
  m_CorrespondingSourceObject: {fileID: 0}
  m_PrefabInstance: {fileID: 0}
  m_PrefabAsset: {fileID: 0}
  m_GameObject: {fileID: 691027954}
  m_Enabled: 1
  m_EditorHideFlags: 0
  m_Script: {fileID: 11500000, guid: a4c52c0859297f14f976250879c80c35, type: 3}
  m_Name: 
  m_EditorClassIdentifier: 
  poi: {fileID: 8364748786329323382}
  easing: 0.15
  cameraPitch: {fileID: 1152145719}
  cameraDolly: {fileID: 779491080}
  rotationY: 0
--- !u!1001 &697615107
PrefabInstance:
  m_ObjectHideFlags: 0
  serializedVersion: 2
  m_Modification:
    m_TransformParent: {fileID: 1745667827}
    m_Modifications:
    - target: {fileID: 8937307835678932536, guid: 04306e5af15b40a439a5b58ffe9df047, type: 3}
      propertyPath: m_RootOrder
      value: 9
      objectReference: {fileID: 0}
    - target: {fileID: 8937307835678932536, guid: 04306e5af15b40a439a5b58ffe9df047, type: 3}
      propertyPath: m_LocalPosition.x
      value: 0
      objectReference: {fileID: 0}
    - target: {fileID: 8937307835678932536, guid: 04306e5af15b40a439a5b58ffe9df047, type: 3}
      propertyPath: m_LocalPosition.y
      value: 0
      objectReference: {fileID: 0}
    - target: {fileID: 8937307835678932536, guid: 04306e5af15b40a439a5b58ffe9df047, type: 3}
      propertyPath: m_LocalPosition.z
      value: -60
      objectReference: {fileID: 0}
    - target: {fileID: 8937307835678932536, guid: 04306e5af15b40a439a5b58ffe9df047, type: 3}
      propertyPath: m_LocalRotation.w
      value: 1
      objectReference: {fileID: 0}
    - target: {fileID: 8937307835678932536, guid: 04306e5af15b40a439a5b58ffe9df047, type: 3}
      propertyPath: m_LocalRotation.x
      value: 0
      objectReference: {fileID: 0}
    - target: {fileID: 8937307835678932536, guid: 04306e5af15b40a439a5b58ffe9df047, type: 3}
      propertyPath: m_LocalRotation.y
      value: 0
      objectReference: {fileID: 0}
    - target: {fileID: 8937307835678932536, guid: 04306e5af15b40a439a5b58ffe9df047, type: 3}
      propertyPath: m_LocalRotation.z
      value: 0
      objectReference: {fileID: 0}
    - target: {fileID: 8937307835678932536, guid: 04306e5af15b40a439a5b58ffe9df047, type: 3}
      propertyPath: m_LocalEulerAnglesHint.x
      value: 0
      objectReference: {fileID: 0}
    - target: {fileID: 8937307835678932536, guid: 04306e5af15b40a439a5b58ffe9df047, type: 3}
      propertyPath: m_LocalEulerAnglesHint.y
      value: 0
      objectReference: {fileID: 0}
    - target: {fileID: 8937307835678932536, guid: 04306e5af15b40a439a5b58ffe9df047, type: 3}
      propertyPath: m_LocalEulerAnglesHint.z
      value: 0
      objectReference: {fileID: 0}
    - target: {fileID: 8937307835678932537, guid: 04306e5af15b40a439a5b58ffe9df047, type: 3}
      propertyPath: m_Name
      value: WaterRow_09
      objectReference: {fileID: 0}
    m_RemovedComponents: []
  m_SourcePrefab: {fileID: 100100000, guid: 04306e5af15b40a439a5b58ffe9df047, type: 3}
--- !u!4 &697615108 stripped
Transform:
  m_CorrespondingSourceObject: {fileID: 8937307835678932536, guid: 04306e5af15b40a439a5b58ffe9df047, type: 3}
  m_PrefabInstance: {fileID: 697615107}
  m_PrefabAsset: {fileID: 0}
--- !u!4 &779491080 stripped
Transform:
  m_CorrespondingSourceObject: {fileID: 7324894176039872479, guid: 23f4265a90f85f942bb64c5ddbe4da1b, type: 3}
  m_PrefabInstance: {fileID: 691027953}
  m_PrefabAsset: {fileID: 0}
--- !u!1001 &831761789
PrefabInstance:
  m_ObjectHideFlags: 0
  serializedVersion: 2
  m_Modification:
    m_TransformParent: {fileID: 0}
    m_Modifications:
    - target: {fileID: 386921990760898817, guid: 261798673baa444499659cdbdf45b7c3, type: 3}
      propertyPath: m_Name
      value: SeaTerrain
      objectReference: {fileID: 0}
    - target: {fileID: 4299746094512911240, guid: 261798673baa444499659cdbdf45b7c3, type: 3}
      propertyPath: m_Materials.Array.data[0]
      value: 
      objectReference: {fileID: 2100000, guid: 6d3f54aaa55254a9f84b8b162e940ab6, type: 2}
    - target: {fileID: 6410867387459337132, guid: 261798673baa444499659cdbdf45b7c3, type: 3}
      propertyPath: m_RootOrder
      value: 7
      objectReference: {fileID: 0}
    - target: {fileID: 6410867387459337132, guid: 261798673baa444499659cdbdf45b7c3, type: 3}
      propertyPath: m_LocalScale.x
      value: 100
      objectReference: {fileID: 0}
    - target: {fileID: 6410867387459337132, guid: 261798673baa444499659cdbdf45b7c3, type: 3}
      propertyPath: m_LocalScale.y
      value: 100
      objectReference: {fileID: 0}
    - target: {fileID: 6410867387459337132, guid: 261798673baa444499659cdbdf45b7c3, type: 3}
      propertyPath: m_LocalScale.z
      value: 100
      objectReference: {fileID: 0}
    - target: {fileID: 6410867387459337132, guid: 261798673baa444499659cdbdf45b7c3, type: 3}
      propertyPath: m_LocalPosition.x
      value: 0
      objectReference: {fileID: 0}
    - target: {fileID: 6410867387459337132, guid: 261798673baa444499659cdbdf45b7c3, type: 3}
      propertyPath: m_LocalPosition.y
      value: 0
      objectReference: {fileID: 0}
    - target: {fileID: 6410867387459337132, guid: 261798673baa444499659cdbdf45b7c3, type: 3}
      propertyPath: m_LocalPosition.z
      value: -400
      objectReference: {fileID: 0}
    - target: {fileID: 6410867387459337132, guid: 261798673baa444499659cdbdf45b7c3, type: 3}
      propertyPath: m_LocalRotation.w
      value: 1
      objectReference: {fileID: 0}
    - target: {fileID: 6410867387459337132, guid: 261798673baa444499659cdbdf45b7c3, type: 3}
      propertyPath: m_LocalRotation.x
      value: 0
      objectReference: {fileID: 0}
    - target: {fileID: 6410867387459337132, guid: 261798673baa444499659cdbdf45b7c3, type: 3}
      propertyPath: m_LocalRotation.y
      value: 0
      objectReference: {fileID: 0}
    - target: {fileID: 6410867387459337132, guid: 261798673baa444499659cdbdf45b7c3, type: 3}
      propertyPath: m_LocalRotation.z
      value: 0
      objectReference: {fileID: 0}
    - target: {fileID: 6410867387459337132, guid: 261798673baa444499659cdbdf45b7c3, type: 3}
      propertyPath: m_LocalEulerAnglesHint.x
      value: 0
      objectReference: {fileID: 0}
    - target: {fileID: 6410867387459337132, guid: 261798673baa444499659cdbdf45b7c3, type: 3}
      propertyPath: m_LocalEulerAnglesHint.y
      value: 0
      objectReference: {fileID: 0}
    - target: {fileID: 6410867387459337132, guid: 261798673baa444499659cdbdf45b7c3, type: 3}
      propertyPath: m_LocalEulerAnglesHint.z
      value: 0
      objectReference: {fileID: 0}
    m_RemovedComponents: []
  m_SourcePrefab: {fileID: 100100000, guid: 261798673baa444499659cdbdf45b7c3, type: 3}
--- !u!1 &831761790 stripped
GameObject:
  m_CorrespondingSourceObject: {fileID: 386921990760898817, guid: 261798673baa444499659cdbdf45b7c3, type: 3}
  m_PrefabInstance: {fileID: 831761789}
  m_PrefabAsset: {fileID: 0}
--- !u!114 &831761791
MonoBehaviour:
  m_ObjectHideFlags: 0
  m_CorrespondingSourceObject: {fileID: 0}
  m_PrefabInstance: {fileID: 0}
  m_PrefabAsset: {fileID: 0}
  m_GameObject: {fileID: 831761790}
  m_Enabled: 1
  m_EditorHideFlags: 0
  m_Script: {fileID: 11500000, guid: cf3e8c661a395ed448f38f41275e7500, type: 3}
  m_Name: 
  m_EditorClassIdentifier: 
  seaCamera: {fileID: 691027955}
  snapYToGrid: 0
  planeSize: 2
  gridSize: {x: 0, y: 0, z: 0}
--- !u!23 &831761792 stripped
MeshRenderer:
  m_CorrespondingSourceObject: {fileID: 4299746094512911240, guid: 261798673baa444499659cdbdf45b7c3, type: 3}
  m_PrefabInstance: {fileID: 831761789}
  m_PrefabAsset: {fileID: 0}
--- !u!114 &831761793
MonoBehaviour:
  m_ObjectHideFlags: 0
  m_CorrespondingSourceObject: {fileID: 0}
  m_PrefabInstance: {fileID: 0}
  m_PrefabAsset: {fileID: 0}
  m_GameObject: {fileID: 831761790}
  m_Enabled: 1
  m_EditorHideFlags: 0
  m_Script: {fileID: 11500000, guid: 0b088b7f9c205406695902bc4adb4440, type: 3}
  m_Name: 
  m_EditorClassIdentifier: 
  settingsSO: {fileID: 11400000, guid: fcbe4d03db357446fa3f3b9b10d39145, type: 2}
  rend: {fileID: 831761792}
  image: {fileID: 0}
--- !u!1001 &855121065
PrefabInstance:
  m_ObjectHideFlags: 0
  serializedVersion: 2
  m_Modification:
    m_TransformParent: {fileID: 1745667827}
    m_Modifications:
    - target: {fileID: 8937307835678932536, guid: 04306e5af15b40a439a5b58ffe9df047, type: 3}
      propertyPath: m_RootOrder
      value: 12
      objectReference: {fileID: 0}
    - target: {fileID: 8937307835678932536, guid: 04306e5af15b40a439a5b58ffe9df047, type: 3}
      propertyPath: m_LocalPosition.x
      value: 0
      objectReference: {fileID: 0}
    - target: {fileID: 8937307835678932536, guid: 04306e5af15b40a439a5b58ffe9df047, type: 3}
      propertyPath: m_LocalPosition.y
      value: 0
      objectReference: {fileID: 0}
    - target: {fileID: 8937307835678932536, guid: 04306e5af15b40a439a5b58ffe9df047, type: 3}
      propertyPath: m_LocalPosition.z
      value: -180
      objectReference: {fileID: 0}
    - target: {fileID: 8937307835678932536, guid: 04306e5af15b40a439a5b58ffe9df047, type: 3}
      propertyPath: m_LocalRotation.w
      value: 1
      objectReference: {fileID: 0}
    - target: {fileID: 8937307835678932536, guid: 04306e5af15b40a439a5b58ffe9df047, type: 3}
      propertyPath: m_LocalRotation.x
      value: 0
      objectReference: {fileID: 0}
    - target: {fileID: 8937307835678932536, guid: 04306e5af15b40a439a5b58ffe9df047, type: 3}
      propertyPath: m_LocalRotation.y
      value: 0
      objectReference: {fileID: 0}
    - target: {fileID: 8937307835678932536, guid: 04306e5af15b40a439a5b58ffe9df047, type: 3}
      propertyPath: m_LocalRotation.z
      value: 0
      objectReference: {fileID: 0}
    - target: {fileID: 8937307835678932536, guid: 04306e5af15b40a439a5b58ffe9df047, type: 3}
      propertyPath: m_LocalEulerAnglesHint.x
      value: 0
      objectReference: {fileID: 0}
    - target: {fileID: 8937307835678932536, guid: 04306e5af15b40a439a5b58ffe9df047, type: 3}
      propertyPath: m_LocalEulerAnglesHint.y
      value: 0
      objectReference: {fileID: 0}
    - target: {fileID: 8937307835678932536, guid: 04306e5af15b40a439a5b58ffe9df047, type: 3}
      propertyPath: m_LocalEulerAnglesHint.z
      value: 0
      objectReference: {fileID: 0}
    - target: {fileID: 8937307835678932537, guid: 04306e5af15b40a439a5b58ffe9df047, type: 3}
      propertyPath: m_Name
      value: WaterRow_12
      objectReference: {fileID: 0}
    m_RemovedComponents: []
  m_SourcePrefab: {fileID: 100100000, guid: 04306e5af15b40a439a5b58ffe9df047, type: 3}
--- !u!4 &855121066 stripped
Transform:
  m_CorrespondingSourceObject: {fileID: 8937307835678932536, guid: 04306e5af15b40a439a5b58ffe9df047, type: 3}
  m_PrefabInstance: {fileID: 855121065}
  m_PrefabAsset: {fileID: 0}
--- !u!1001 &939252007
PrefabInstance:
  m_ObjectHideFlags: 0
  serializedVersion: 2
  m_Modification:
    m_TransformParent: {fileID: 1745667827}
    m_Modifications:
    - target: {fileID: 8937307835678932536, guid: 04306e5af15b40a439a5b58ffe9df047, type: 3}
      propertyPath: m_RootOrder
      value: 1
      objectReference: {fileID: 0}
    - target: {fileID: 8937307835678932536, guid: 04306e5af15b40a439a5b58ffe9df047, type: 3}
      propertyPath: m_LocalPosition.x
      value: 0
      objectReference: {fileID: 0}
    - target: {fileID: 8937307835678932536, guid: 04306e5af15b40a439a5b58ffe9df047, type: 3}
      propertyPath: m_LocalPosition.y
      value: 0
      objectReference: {fileID: 0}
    - target: {fileID: 8937307835678932536, guid: 04306e5af15b40a439a5b58ffe9df047, type: 3}
      propertyPath: m_LocalPosition.z
      value: 260
      objectReference: {fileID: 0}
    - target: {fileID: 8937307835678932536, guid: 04306e5af15b40a439a5b58ffe9df047, type: 3}
      propertyPath: m_LocalRotation.w
      value: 1
      objectReference: {fileID: 0}
    - target: {fileID: 8937307835678932536, guid: 04306e5af15b40a439a5b58ffe9df047, type: 3}
      propertyPath: m_LocalRotation.x
      value: 0
      objectReference: {fileID: 0}
    - target: {fileID: 8937307835678932536, guid: 04306e5af15b40a439a5b58ffe9df047, type: 3}
      propertyPath: m_LocalRotation.y
      value: 0
      objectReference: {fileID: 0}
    - target: {fileID: 8937307835678932536, guid: 04306e5af15b40a439a5b58ffe9df047, type: 3}
      propertyPath: m_LocalRotation.z
      value: 0
      objectReference: {fileID: 0}
    - target: {fileID: 8937307835678932536, guid: 04306e5af15b40a439a5b58ffe9df047, type: 3}
      propertyPath: m_LocalEulerAnglesHint.x
      value: 0
      objectReference: {fileID: 0}
    - target: {fileID: 8937307835678932536, guid: 04306e5af15b40a439a5b58ffe9df047, type: 3}
      propertyPath: m_LocalEulerAnglesHint.y
      value: 0
      objectReference: {fileID: 0}
    - target: {fileID: 8937307835678932536, guid: 04306e5af15b40a439a5b58ffe9df047, type: 3}
      propertyPath: m_LocalEulerAnglesHint.z
      value: 0
      objectReference: {fileID: 0}
    - target: {fileID: 8937307835678932537, guid: 04306e5af15b40a439a5b58ffe9df047, type: 3}
      propertyPath: m_Name
      value: WaterRow_01
      objectReference: {fileID: 0}
    m_RemovedComponents: []
  m_SourcePrefab: {fileID: 100100000, guid: 04306e5af15b40a439a5b58ffe9df047, type: 3}
--- !u!4 &939252008 stripped
Transform:
  m_CorrespondingSourceObject: {fileID: 8937307835678932536, guid: 04306e5af15b40a439a5b58ffe9df047, type: 3}
  m_PrefabInstance: {fileID: 939252007}
  m_PrefabAsset: {fileID: 0}
--- !u!1001 &968367929
PrefabInstance:
  m_ObjectHideFlags: 0
  serializedVersion: 2
  m_Modification:
    m_TransformParent: {fileID: 1745667827}
    m_Modifications:
    - target: {fileID: 8937307835678932536, guid: 04306e5af15b40a439a5b58ffe9df047, type: 3}
      propertyPath: m_RootOrder
      value: 2
      objectReference: {fileID: 0}
    - target: {fileID: 8937307835678932536, guid: 04306e5af15b40a439a5b58ffe9df047, type: 3}
      propertyPath: m_LocalPosition.x
      value: 0
      objectReference: {fileID: 0}
    - target: {fileID: 8937307835678932536, guid: 04306e5af15b40a439a5b58ffe9df047, type: 3}
      propertyPath: m_LocalPosition.y
      value: 0
      objectReference: {fileID: 0}
    - target: {fileID: 8937307835678932536, guid: 04306e5af15b40a439a5b58ffe9df047, type: 3}
      propertyPath: m_LocalPosition.z
      value: 220
      objectReference: {fileID: 0}
    - target: {fileID: 8937307835678932536, guid: 04306e5af15b40a439a5b58ffe9df047, type: 3}
      propertyPath: m_LocalRotation.w
      value: 1
      objectReference: {fileID: 0}
    - target: {fileID: 8937307835678932536, guid: 04306e5af15b40a439a5b58ffe9df047, type: 3}
      propertyPath: m_LocalRotation.x
      value: 0
      objectReference: {fileID: 0}
    - target: {fileID: 8937307835678932536, guid: 04306e5af15b40a439a5b58ffe9df047, type: 3}
      propertyPath: m_LocalRotation.y
      value: 0
      objectReference: {fileID: 0}
    - target: {fileID: 8937307835678932536, guid: 04306e5af15b40a439a5b58ffe9df047, type: 3}
      propertyPath: m_LocalRotation.z
      value: 0
      objectReference: {fileID: 0}
    - target: {fileID: 8937307835678932536, guid: 04306e5af15b40a439a5b58ffe9df047, type: 3}
      propertyPath: m_LocalEulerAnglesHint.x
      value: 0
      objectReference: {fileID: 0}
    - target: {fileID: 8937307835678932536, guid: 04306e5af15b40a439a5b58ffe9df047, type: 3}
      propertyPath: m_LocalEulerAnglesHint.y
      value: 0
      objectReference: {fileID: 0}
    - target: {fileID: 8937307835678932536, guid: 04306e5af15b40a439a5b58ffe9df047, type: 3}
      propertyPath: m_LocalEulerAnglesHint.z
      value: 0
      objectReference: {fileID: 0}
    - target: {fileID: 8937307835678932537, guid: 04306e5af15b40a439a5b58ffe9df047, type: 3}
      propertyPath: m_Name
      value: WaterRow_02
      objectReference: {fileID: 0}
    m_RemovedComponents: []
  m_SourcePrefab: {fileID: 100100000, guid: 04306e5af15b40a439a5b58ffe9df047, type: 3}
--- !u!4 &968367930 stripped
Transform:
  m_CorrespondingSourceObject: {fileID: 8937307835678932536, guid: 04306e5af15b40a439a5b58ffe9df047, type: 3}
  m_PrefabInstance: {fileID: 968367929}
  m_PrefabAsset: {fileID: 0}
--- !u!1001 &1008619839
PrefabInstance:
  m_ObjectHideFlags: 0
  serializedVersion: 2
  m_Modification:
    m_TransformParent: {fileID: 1745667827}
    m_Modifications:
    - target: {fileID: 8937307835678932536, guid: 04306e5af15b40a439a5b58ffe9df047, type: 3}
      propertyPath: m_RootOrder
      value: 7
      objectReference: {fileID: 0}
    - target: {fileID: 8937307835678932536, guid: 04306e5af15b40a439a5b58ffe9df047, type: 3}
      propertyPath: m_LocalPosition.x
      value: 0
      objectReference: {fileID: 0}
    - target: {fileID: 8937307835678932536, guid: 04306e5af15b40a439a5b58ffe9df047, type: 3}
      propertyPath: m_LocalPosition.y
      value: 0
      objectReference: {fileID: 0}
    - target: {fileID: 8937307835678932536, guid: 04306e5af15b40a439a5b58ffe9df047, type: 3}
      propertyPath: m_LocalPosition.z
      value: 20
      objectReference: {fileID: 0}
    - target: {fileID: 8937307835678932536, guid: 04306e5af15b40a439a5b58ffe9df047, type: 3}
      propertyPath: m_LocalRotation.w
      value: 1
      objectReference: {fileID: 0}
    - target: {fileID: 8937307835678932536, guid: 04306e5af15b40a439a5b58ffe9df047, type: 3}
      propertyPath: m_LocalRotation.x
      value: 0
      objectReference: {fileID: 0}
    - target: {fileID: 8937307835678932536, guid: 04306e5af15b40a439a5b58ffe9df047, type: 3}
      propertyPath: m_LocalRotation.y
      value: 0
      objectReference: {fileID: 0}
    - target: {fileID: 8937307835678932536, guid: 04306e5af15b40a439a5b58ffe9df047, type: 3}
      propertyPath: m_LocalRotation.z
      value: 0
      objectReference: {fileID: 0}
    - target: {fileID: 8937307835678932536, guid: 04306e5af15b40a439a5b58ffe9df047, type: 3}
      propertyPath: m_LocalEulerAnglesHint.x
      value: 0
      objectReference: {fileID: 0}
    - target: {fileID: 8937307835678932536, guid: 04306e5af15b40a439a5b58ffe9df047, type: 3}
      propertyPath: m_LocalEulerAnglesHint.y
      value: 0
      objectReference: {fileID: 0}
    - target: {fileID: 8937307835678932536, guid: 04306e5af15b40a439a5b58ffe9df047, type: 3}
      propertyPath: m_LocalEulerAnglesHint.z
      value: 0
      objectReference: {fileID: 0}
    - target: {fileID: 8937307835678932537, guid: 04306e5af15b40a439a5b58ffe9df047, type: 3}
      propertyPath: m_Name
      value: WaterRow_07
      objectReference: {fileID: 0}
    m_RemovedComponents: []
  m_SourcePrefab: {fileID: 100100000, guid: 04306e5af15b40a439a5b58ffe9df047, type: 3}
--- !u!4 &1008619840 stripped
Transform:
  m_CorrespondingSourceObject: {fileID: 8937307835678932536, guid: 04306e5af15b40a439a5b58ffe9df047, type: 3}
  m_PrefabInstance: {fileID: 1008619839}
  m_PrefabAsset: {fileID: 0}
--- !u!4 &1112650741 stripped
Transform:
  m_CorrespondingSourceObject: {fileID: 8937307835678932536, guid: 04306e5af15b40a439a5b58ffe9df047, type: 3}
  m_PrefabInstance: {fileID: 8937307834633457101}
  m_PrefabAsset: {fileID: 0}
--- !u!4 &1152145719 stripped
Transform:
  m_CorrespondingSourceObject: {fileID: 7324894175323203630, guid: 23f4265a90f85f942bb64c5ddbe4da1b, type: 3}
  m_PrefabInstance: {fileID: 691027953}
  m_PrefabAsset: {fileID: 0}
--- !u!1 &1407199711
GameObject:
  m_ObjectHideFlags: 0
  m_CorrespondingSourceObject: {fileID: 0}
  m_PrefabInstance: {fileID: 0}
  m_PrefabAsset: {fileID: 0}
  serializedVersion: 6
  m_Component:
  - component: {fileID: 1407199713}
  - component: {fileID: 1407199712}
  - component: {fileID: 1407199714}
  m_Layer: 0
  m_Name: ___GameManager___
  m_TagString: Untagged
  m_Icon: {fileID: 0}
  m_NavMeshLayer: 0
  m_StaticEditorFlags: 0
  m_IsActive: 1
--- !u!114 &1407199712
MonoBehaviour:
  m_ObjectHideFlags: 0
  m_CorrespondingSourceObject: {fileID: 0}
  m_PrefabInstance: {fileID: 0}
  m_PrefabAsset: {fileID: 0}
  m_GameObject: {fileID: 1407199711}
  m_Enabled: 1
  m_EditorHideFlags: 0
  m_Script: {fileID: 11500000, guid: 1328fc0e7c7574b04a8e445bea1fba3c, type: 3}
  m_Name: 
  m_EditorClassIdentifier: 
  settingsSo: {fileID: 11400000, guid: fcbe4d03db357446fa3f3b9b10d39145, type: 2}
--- !u!4 &1407199713
Transform:
  m_ObjectHideFlags: 0
  m_CorrespondingSourceObject: {fileID: 0}
  m_PrefabInstance: {fileID: 0}
  m_PrefabAsset: {fileID: 0}
  m_GameObject: {fileID: 1407199711}
  m_LocalRotation: {x: 0, y: 0, z: 0, w: 1}
  m_LocalPosition: {x: 0, y: 0, z: 0}
  m_LocalScale: {x: 1, y: 1, z: 1}
  m_ConstrainProportionsScale: 0
  m_Children: []
  m_Father: {fileID: 0}
  m_RootOrder: 0
  m_LocalEulerAnglesHint: {x: 0, y: 0, z: 0}
--- !u!114 &1407199714
MonoBehaviour:
  m_ObjectHideFlags: 0
  m_CorrespondingSourceObject: {fileID: 0}
  m_PrefabInstance: {fileID: 0}
  m_PrefabAsset: {fileID: 0}
  m_GameObject: {fileID: 1407199711}
  m_Enabled: 1
  m_EditorHideFlags: 0
  m_Script: {fileID: 11500000, guid: 38c577d855cc43858036cf0699889b22, type: 3}
  m_Name: 
  m_EditorClassIdentifier: 
--- !u!1 &1465536620
GameObject:
  m_ObjectHideFlags: 0
  m_CorrespondingSourceObject: {fileID: 0}
  m_PrefabInstance: {fileID: 0}
  m_PrefabAsset: {fileID: 0}
  serializedVersion: 6
  m_Component:
  - component: {fileID: 1465536623}
  - component: {fileID: 1465536622}
  - component: {fileID: 1465536621}
  - component: {fileID: 1465536624}
  m_Layer: 0
  m_Name: ProBuilder_Terrain
  m_TagString: Untagged
  m_Icon: {fileID: 0}
  m_NavMeshLayer: 0
  m_StaticEditorFlags: 0
  m_IsActive: 0
--- !u!23 &1465536621
MeshRenderer:
  m_ObjectHideFlags: 0
  m_CorrespondingSourceObject: {fileID: 0}
  m_PrefabInstance: {fileID: 0}
  m_PrefabAsset: {fileID: 0}
  m_GameObject: {fileID: 1465536620}
  m_Enabled: 1
  m_CastShadows: 1
  m_ReceiveShadows: 1
  m_DynamicOccludee: 1
  m_StaticShadowCaster: 0
  m_MotionVectors: 1
  m_LightProbeUsage: 1
  m_ReflectionProbeUsage: 1
  m_RayTracingMode: 2
  m_RayTraceProcedural: 0
  m_RenderingLayerMask: 1
  m_RendererPriority: 0
  m_Materials:
  - {fileID: 2100000, guid: 6d3f54aaa55254a9f84b8b162e940ab6, type: 2}
  m_StaticBatchInfo:
    firstSubMesh: 0
    subMeshCount: 0
  m_StaticBatchRoot: {fileID: 0}
  m_ProbeAnchor: {fileID: 0}
  m_LightProbeVolumeOverride: {fileID: 0}
  m_ScaleInLightmap: 1
  m_ReceiveGI: 1
  m_PreserveUVs: 0
  m_IgnoreNormalsForChartDetection: 0
  m_ImportantGI: 0
  m_StitchLightmapSeams: 1
  m_SelectedEditorRenderState: 3
  m_MinimumChartSize: 4
  m_AutoUVMaxDistance: 0.5
  m_AutoUVMaxAngle: 89
  m_LightmapParameters: {fileID: 0}
  m_SortingLayerID: 0
  m_SortingLayer: 0
  m_SortingOrder: 0
  m_AdditionalVertexStreams: {fileID: 0}
--- !u!33 &1465536622
MeshFilter:
  m_ObjectHideFlags: 0
  m_CorrespondingSourceObject: {fileID: 0}
  m_PrefabInstance: {fileID: 0}
  m_PrefabAsset: {fileID: 0}
  m_GameObject: {fileID: 1465536620}
  m_Mesh: {fileID: 4300000, guid: a6e3c5651cdf8664da9c038223a0c623, type: 2}
--- !u!4 &1465536623
Transform:
  m_ObjectHideFlags: 0
  m_CorrespondingSourceObject: {fileID: 0}
  m_PrefabInstance: {fileID: 0}
  m_PrefabAsset: {fileID: 0}
  m_GameObject: {fileID: 1465536620}
  m_LocalRotation: {x: 0, y: 0, z: 0, w: 1}
  m_LocalPosition: {x: 0, y: 0, z: 0}
  m_LocalScale: {x: 100, y: 100, z: 100}
  m_ConstrainProportionsScale: 0
  m_Children: []
  m_Father: {fileID: 0}
  m_RootOrder: 6
  m_LocalEulerAnglesHint: {x: 0, y: 0, z: 0}
--- !u!114 &1465536624
MonoBehaviour:
  m_ObjectHideFlags: 0
  m_CorrespondingSourceObject: {fileID: 0}
  m_PrefabInstance: {fileID: 0}
  m_PrefabAsset: {fileID: 0}
  m_GameObject: {fileID: 1465536620}
  m_Enabled: 1
  m_EditorHideFlags: 0
  m_Script: {fileID: 11500000, guid: cf3e8c661a395ed448f38f41275e7500, type: 3}
  m_Name: 
  m_EditorClassIdentifier: 
  seaCamera: {fileID: 691027955}
  snapYToGrid: 0
  planeSize: 1
  gridSize: {x: 0, y: 0, z: 0}
--- !u!1 &1477262868
GameObject:
  m_ObjectHideFlags: 0
  m_CorrespondingSourceObject: {fileID: 0}
  m_PrefabInstance: {fileID: 0}
  m_PrefabAsset: {fileID: 0}
  serializedVersion: 6
  m_Component:
  - component: {fileID: 1477262871}
  - component: {fileID: 1477262870}
  - component: {fileID: 1477262869}
  m_Layer: 0
  m_Name: EventSystem
  m_TagString: Untagged
  m_Icon: {fileID: 0}
  m_NavMeshLayer: 0
  m_StaticEditorFlags: 0
  m_IsActive: 1
--- !u!114 &1477262869
MonoBehaviour:
  m_ObjectHideFlags: 0
  m_CorrespondingSourceObject: {fileID: 0}
  m_PrefabInstance: {fileID: 0}
  m_PrefabAsset: {fileID: 0}
  m_GameObject: {fileID: 1477262868}
  m_Enabled: 1
  m_EditorHideFlags: 0
  m_Script: {fileID: 11500000, guid: 4f231c4fb786f3946a6b90b886c48677, type: 3}
  m_Name: 
  m_EditorClassIdentifier: 
  m_SendPointerHoverToParent: 1
  m_HorizontalAxis: Horizontal
  m_VerticalAxis: Vertical
  m_SubmitButton: Submit
  m_CancelButton: Cancel
  m_InputActionsPerSecond: 10
  m_RepeatDelay: 0.5
  m_ForceModuleActive: 0
--- !u!114 &1477262870
MonoBehaviour:
  m_ObjectHideFlags: 0
  m_CorrespondingSourceObject: {fileID: 0}
  m_PrefabInstance: {fileID: 0}
  m_PrefabAsset: {fileID: 0}
  m_GameObject: {fileID: 1477262868}
  m_Enabled: 1
  m_EditorHideFlags: 0
  m_Script: {fileID: 11500000, guid: 76c392e42b5098c458856cdf6ecaaaa1, type: 3}
  m_Name: 
  m_EditorClassIdentifier: 
  m_FirstSelected: {fileID: 0}
  m_sendNavigationEvents: 1
  m_DragThreshold: 10
--- !u!4 &1477262871
Transform:
  m_ObjectHideFlags: 0
  m_CorrespondingSourceObject: {fileID: 0}
  m_PrefabInstance: {fileID: 0}
  m_PrefabAsset: {fileID: 0}
  m_GameObject: {fileID: 1477262868}
  m_LocalRotation: {x: 0, y: 0, z: 0, w: 1}
  m_LocalPosition: {x: 0, y: 0, z: 0}
  m_LocalScale: {x: 1, y: 1, z: 1}
  m_ConstrainProportionsScale: 0
  m_Children: []
  m_Father: {fileID: 0}
  m_RootOrder: 9
  m_LocalEulerAnglesHint: {x: 0, y: 0, z: 0}
--- !u!1001 &1543217100
PrefabInstance:
  m_ObjectHideFlags: 0
  serializedVersion: 2
  m_Modification:
    m_TransformParent: {fileID: 1745667827}
    m_Modifications:
    - target: {fileID: 8937307835678932536, guid: 04306e5af15b40a439a5b58ffe9df047, type: 3}
      propertyPath: m_RootOrder
      value: 8
      objectReference: {fileID: 0}
    - target: {fileID: 8937307835678932536, guid: 04306e5af15b40a439a5b58ffe9df047, type: 3}
      propertyPath: m_LocalPosition.x
      value: 0
      objectReference: {fileID: 0}
    - target: {fileID: 8937307835678932536, guid: 04306e5af15b40a439a5b58ffe9df047, type: 3}
      propertyPath: m_LocalPosition.y
      value: 0
      objectReference: {fileID: 0}
    - target: {fileID: 8937307835678932536, guid: 04306e5af15b40a439a5b58ffe9df047, type: 3}
      propertyPath: m_LocalPosition.z
      value: -20
      objectReference: {fileID: 0}
    - target: {fileID: 8937307835678932536, guid: 04306e5af15b40a439a5b58ffe9df047, type: 3}
      propertyPath: m_LocalRotation.w
      value: 1
      objectReference: {fileID: 0}
    - target: {fileID: 8937307835678932536, guid: 04306e5af15b40a439a5b58ffe9df047, type: 3}
      propertyPath: m_LocalRotation.x
      value: 0
      objectReference: {fileID: 0}
    - target: {fileID: 8937307835678932536, guid: 04306e5af15b40a439a5b58ffe9df047, type: 3}
      propertyPath: m_LocalRotation.y
      value: 0
      objectReference: {fileID: 0}
    - target: {fileID: 8937307835678932536, guid: 04306e5af15b40a439a5b58ffe9df047, type: 3}
      propertyPath: m_LocalRotation.z
      value: 0
      objectReference: {fileID: 0}
    - target: {fileID: 8937307835678932536, guid: 04306e5af15b40a439a5b58ffe9df047, type: 3}
      propertyPath: m_LocalEulerAnglesHint.x
      value: 0
      objectReference: {fileID: 0}
    - target: {fileID: 8937307835678932536, guid: 04306e5af15b40a439a5b58ffe9df047, type: 3}
      propertyPath: m_LocalEulerAnglesHint.y
      value: 0
      objectReference: {fileID: 0}
    - target: {fileID: 8937307835678932536, guid: 04306e5af15b40a439a5b58ffe9df047, type: 3}
      propertyPath: m_LocalEulerAnglesHint.z
      value: 0
      objectReference: {fileID: 0}
    - target: {fileID: 8937307835678932537, guid: 04306e5af15b40a439a5b58ffe9df047, type: 3}
      propertyPath: m_Name
      value: WaterRow_08
      objectReference: {fileID: 0}
    m_RemovedComponents: []
  m_SourcePrefab: {fileID: 100100000, guid: 04306e5af15b40a439a5b58ffe9df047, type: 3}
--- !u!4 &1543217101 stripped
Transform:
  m_CorrespondingSourceObject: {fileID: 8937307835678932536, guid: 04306e5af15b40a439a5b58ffe9df047, type: 3}
  m_PrefabInstance: {fileID: 1543217100}
  m_PrefabAsset: {fileID: 0}
--- !u!1 &1561348741
GameObject:
  m_ObjectHideFlags: 0
  m_CorrespondingSourceObject: {fileID: 0}
  m_PrefabInstance: {fileID: 0}
  m_PrefabAsset: {fileID: 0}
  serializedVersion: 6
  m_Component:
  - component: {fileID: 1561348742}
  - component: {fileID: 1561348744}
  - component: {fileID: 1561348743}
  m_Layer: 5
  m_Name: Minimap_WaterBackground
  m_TagString: Untagged
  m_Icon: {fileID: 0}
  m_NavMeshLayer: 0
  m_StaticEditorFlags: 0
  m_IsActive: 1
--- !u!224 &1561348742
RectTransform:
  m_ObjectHideFlags: 0
  m_CorrespondingSourceObject: {fileID: 0}
  m_PrefabInstance: {fileID: 0}
  m_PrefabAsset: {fileID: 0}
  m_GameObject: {fileID: 1561348741}
  m_LocalRotation: {x: -0, y: -0, z: -0, w: 1}
  m_LocalPosition: {x: 0, y: 0, z: 0}
  m_LocalScale: {x: 1, y: 1, z: 1}
  m_ConstrainProportionsScale: 0
  m_Children: []
  m_Father: {fileID: 1826370222}
  m_RootOrder: 0
  m_LocalEulerAnglesHint: {x: 0, y: 0, z: 0}
  m_AnchorMin: {x: 0, y: 1}
  m_AnchorMax: {x: 0, y: 1}
  m_AnchoredPosition: {x: 15, y: -15}
  m_SizeDelta: {x: 320, y: 320}
  m_Pivot: {x: 0, y: 1}
--- !u!114 &1561348743
MonoBehaviour:
  m_ObjectHideFlags: 0
  m_CorrespondingSourceObject: {fileID: 0}
  m_PrefabInstance: {fileID: 0}
  m_PrefabAsset: {fileID: 0}
  m_GameObject: {fileID: 1561348741}
  m_Enabled: 1
  m_EditorHideFlags: 0
  m_Script: {fileID: 11500000, guid: fe87c0e1cc204ed48ad3b37840f39efc, type: 3}
  m_Name: 
  m_EditorClassIdentifier: 
  m_Material: {fileID: 0}
  m_Color: {r: 0, g: 0.49581116, b: 0.6226415, a: 1}
  m_RaycastTarget: 1
  m_RaycastPadding: {x: 0, y: 0, z: 0, w: 0}
  m_Maskable: 1
  m_OnCullStateChanged:
    m_PersistentCalls:
      m_Calls: []
  m_Sprite: {fileID: 0}
  m_Type: 1
  m_PreserveAspect: 0
  m_FillCenter: 1
  m_FillMethod: 4
  m_FillAmount: 1
  m_FillClockwise: 1
  m_FillOrigin: 0
  m_UseSpriteMesh: 0
  m_PixelsPerUnitMultiplier: 1
--- !u!222 &1561348744
CanvasRenderer:
  m_ObjectHideFlags: 0
  m_CorrespondingSourceObject: {fileID: 0}
  m_PrefabInstance: {fileID: 0}
  m_PrefabAsset: {fileID: 0}
  m_GameObject: {fileID: 1561348741}
  m_CullTransparentMesh: 1
--- !u!1001 &1693450096
PrefabInstance:
  m_ObjectHideFlags: 0
  serializedVersion: 2
  m_Modification:
    m_TransformParent: {fileID: 1745667827}
    m_Modifications:
    - target: {fileID: 8937307835678932536, guid: 04306e5af15b40a439a5b58ffe9df047, type: 3}
      propertyPath: m_RootOrder
      value: 6
      objectReference: {fileID: 0}
    - target: {fileID: 8937307835678932536, guid: 04306e5af15b40a439a5b58ffe9df047, type: 3}
      propertyPath: m_LocalPosition.x
      value: 0
      objectReference: {fileID: 0}
    - target: {fileID: 8937307835678932536, guid: 04306e5af15b40a439a5b58ffe9df047, type: 3}
      propertyPath: m_LocalPosition.y
      value: 0
      objectReference: {fileID: 0}
    - target: {fileID: 8937307835678932536, guid: 04306e5af15b40a439a5b58ffe9df047, type: 3}
      propertyPath: m_LocalPosition.z
      value: 60
      objectReference: {fileID: 0}
    - target: {fileID: 8937307835678932536, guid: 04306e5af15b40a439a5b58ffe9df047, type: 3}
      propertyPath: m_LocalRotation.w
      value: 1
      objectReference: {fileID: 0}
    - target: {fileID: 8937307835678932536, guid: 04306e5af15b40a439a5b58ffe9df047, type: 3}
      propertyPath: m_LocalRotation.x
      value: 0
      objectReference: {fileID: 0}
    - target: {fileID: 8937307835678932536, guid: 04306e5af15b40a439a5b58ffe9df047, type: 3}
      propertyPath: m_LocalRotation.y
      value: 0
      objectReference: {fileID: 0}
    - target: {fileID: 8937307835678932536, guid: 04306e5af15b40a439a5b58ffe9df047, type: 3}
      propertyPath: m_LocalRotation.z
      value: 0
      objectReference: {fileID: 0}
    - target: {fileID: 8937307835678932536, guid: 04306e5af15b40a439a5b58ffe9df047, type: 3}
      propertyPath: m_LocalEulerAnglesHint.x
      value: 0
      objectReference: {fileID: 0}
    - target: {fileID: 8937307835678932536, guid: 04306e5af15b40a439a5b58ffe9df047, type: 3}
      propertyPath: m_LocalEulerAnglesHint.y
      value: 0
      objectReference: {fileID: 0}
    - target: {fileID: 8937307835678932536, guid: 04306e5af15b40a439a5b58ffe9df047, type: 3}
      propertyPath: m_LocalEulerAnglesHint.z
      value: 0
      objectReference: {fileID: 0}
    - target: {fileID: 8937307835678932537, guid: 04306e5af15b40a439a5b58ffe9df047, type: 3}
      propertyPath: m_Name
      value: WaterRow_06
      objectReference: {fileID: 0}
    m_RemovedComponents: []
  m_SourcePrefab: {fileID: 100100000, guid: 04306e5af15b40a439a5b58ffe9df047, type: 3}
--- !u!4 &1693450097 stripped
Transform:
  m_CorrespondingSourceObject: {fileID: 8937307835678932536, guid: 04306e5af15b40a439a5b58ffe9df047, type: 3}
  m_PrefabInstance: {fileID: 1693450096}
  m_PrefabAsset: {fileID: 0}
--- !u!1 &1745667826
GameObject:
  m_ObjectHideFlags: 0
  m_CorrespondingSourceObject: {fileID: 0}
  m_PrefabInstance: {fileID: 0}
  m_PrefabAsset: {fileID: 0}
  serializedVersion: 6
  m_Component:
  - component: {fileID: 1745667827}
  - component: {fileID: 1745667828}
  m_Layer: 0
  m_Name: Water Tiles
  m_TagString: Untagged
  m_Icon: {fileID: 0}
  m_NavMeshLayer: 0
  m_StaticEditorFlags: 0
  m_IsActive: 1
--- !u!4 &1745667827
Transform:
  m_ObjectHideFlags: 0
  m_CorrespondingSourceObject: {fileID: 0}
  m_PrefabInstance: {fileID: 0}
  m_PrefabAsset: {fileID: 0}
  m_GameObject: {fileID: 1745667826}
  m_LocalRotation: {x: 0, y: 0, z: 0, w: 1}
  m_LocalPosition: {x: 0, y: 0, z: 0}
  m_LocalScale: {x: 2, y: 1, z: 2}
  m_ConstrainProportionsScale: 0
  m_Children:
  - {fileID: 1112650741}
  - {fileID: 939252008}
  - {fileID: 968367930}
  - {fileID: 574058609}
  - {fileID: 1819169644}
  - {fileID: 1802286134}
  - {fileID: 1693450097}
  - {fileID: 1008619840}
  - {fileID: 1543217101}
  - {fileID: 697615108}
  - {fileID: 120315981}
  - {fileID: 662179676}
  - {fileID: 855121066}
  - {fileID: 562160137}
  - {fileID: 3414241}
  - {fileID: 315685054}
  m_Father: {fileID: 0}
  m_RootOrder: 4
  m_LocalEulerAnglesHint: {x: 0, y: 0, z: 0}
--- !u!114 &1745667828
MonoBehaviour:
  m_ObjectHideFlags: 0
  m_CorrespondingSourceObject: {fileID: 0}
  m_PrefabInstance: {fileID: 0}
  m_PrefabAsset: {fileID: 0}
  m_GameObject: {fileID: 1745667826}
  m_Enabled: 1
  m_EditorHideFlags: 0
  m_Script: {fileID: 11500000, guid: cf3e8c661a395ed448f38f41275e7500, type: 3}
  m_Name: 
  m_EditorClassIdentifier: 
  seaCamera: {fileID: 691027955}
  snapYToGrid: 0
  planeSize: 10
  gridSize: {x: 0, y: 0, z: 0}
--- !u!1001 &1802286133
PrefabInstance:
  m_ObjectHideFlags: 0
  serializedVersion: 2
  m_Modification:
    m_TransformParent: {fileID: 1745667827}
    m_Modifications:
    - target: {fileID: 8937307835678932536, guid: 04306e5af15b40a439a5b58ffe9df047, type: 3}
      propertyPath: m_RootOrder
      value: 5
      objectReference: {fileID: 0}
    - target: {fileID: 8937307835678932536, guid: 04306e5af15b40a439a5b58ffe9df047, type: 3}
      propertyPath: m_LocalPosition.x
      value: 0
      objectReference: {fileID: 0}
    - target: {fileID: 8937307835678932536, guid: 04306e5af15b40a439a5b58ffe9df047, type: 3}
      propertyPath: m_LocalPosition.y
      value: 0
      objectReference: {fileID: 0}
    - target: {fileID: 8937307835678932536, guid: 04306e5af15b40a439a5b58ffe9df047, type: 3}
      propertyPath: m_LocalPosition.z
      value: 100
      objectReference: {fileID: 0}
    - target: {fileID: 8937307835678932536, guid: 04306e5af15b40a439a5b58ffe9df047, type: 3}
      propertyPath: m_LocalRotation.w
      value: 1
      objectReference: {fileID: 0}
    - target: {fileID: 8937307835678932536, guid: 04306e5af15b40a439a5b58ffe9df047, type: 3}
      propertyPath: m_LocalRotation.x
      value: 0
      objectReference: {fileID: 0}
    - target: {fileID: 8937307835678932536, guid: 04306e5af15b40a439a5b58ffe9df047, type: 3}
      propertyPath: m_LocalRotation.y
      value: 0
      objectReference: {fileID: 0}
    - target: {fileID: 8937307835678932536, guid: 04306e5af15b40a439a5b58ffe9df047, type: 3}
      propertyPath: m_LocalRotation.z
      value: 0
      objectReference: {fileID: 0}
    - target: {fileID: 8937307835678932536, guid: 04306e5af15b40a439a5b58ffe9df047, type: 3}
      propertyPath: m_LocalEulerAnglesHint.x
      value: 0
      objectReference: {fileID: 0}
    - target: {fileID: 8937307835678932536, guid: 04306e5af15b40a439a5b58ffe9df047, type: 3}
      propertyPath: m_LocalEulerAnglesHint.y
      value: 0
      objectReference: {fileID: 0}
    - target: {fileID: 8937307835678932536, guid: 04306e5af15b40a439a5b58ffe9df047, type: 3}
      propertyPath: m_LocalEulerAnglesHint.z
      value: 0
      objectReference: {fileID: 0}
    - target: {fileID: 8937307835678932537, guid: 04306e5af15b40a439a5b58ffe9df047, type: 3}
      propertyPath: m_Name
      value: WaterRow_05
      objectReference: {fileID: 0}
    m_RemovedComponents: []
  m_SourcePrefab: {fileID: 100100000, guid: 04306e5af15b40a439a5b58ffe9df047, type: 3}
--- !u!4 &1802286134 stripped
Transform:
  m_CorrespondingSourceObject: {fileID: 8937307835678932536, guid: 04306e5af15b40a439a5b58ffe9df047, type: 3}
  m_PrefabInstance: {fileID: 1802286133}
  m_PrefabAsset: {fileID: 0}
--- !u!1001 &1819169643
PrefabInstance:
  m_ObjectHideFlags: 0
  serializedVersion: 2
  m_Modification:
    m_TransformParent: {fileID: 1745667827}
    m_Modifications:
    - target: {fileID: 8937307835678932536, guid: 04306e5af15b40a439a5b58ffe9df047, type: 3}
      propertyPath: m_RootOrder
      value: 4
      objectReference: {fileID: 0}
    - target: {fileID: 8937307835678932536, guid: 04306e5af15b40a439a5b58ffe9df047, type: 3}
      propertyPath: m_LocalPosition.x
      value: 0
      objectReference: {fileID: 0}
    - target: {fileID: 8937307835678932536, guid: 04306e5af15b40a439a5b58ffe9df047, type: 3}
      propertyPath: m_LocalPosition.y
      value: 0
      objectReference: {fileID: 0}
    - target: {fileID: 8937307835678932536, guid: 04306e5af15b40a439a5b58ffe9df047, type: 3}
      propertyPath: m_LocalPosition.z
      value: 140
      objectReference: {fileID: 0}
    - target: {fileID: 8937307835678932536, guid: 04306e5af15b40a439a5b58ffe9df047, type: 3}
      propertyPath: m_LocalRotation.w
      value: 1
      objectReference: {fileID: 0}
    - target: {fileID: 8937307835678932536, guid: 04306e5af15b40a439a5b58ffe9df047, type: 3}
      propertyPath: m_LocalRotation.x
      value: 0
      objectReference: {fileID: 0}
    - target: {fileID: 8937307835678932536, guid: 04306e5af15b40a439a5b58ffe9df047, type: 3}
      propertyPath: m_LocalRotation.y
      value: 0
      objectReference: {fileID: 0}
    - target: {fileID: 8937307835678932536, guid: 04306e5af15b40a439a5b58ffe9df047, type: 3}
      propertyPath: m_LocalRotation.z
      value: 0
      objectReference: {fileID: 0}
    - target: {fileID: 8937307835678932536, guid: 04306e5af15b40a439a5b58ffe9df047, type: 3}
      propertyPath: m_LocalEulerAnglesHint.x
      value: 0
      objectReference: {fileID: 0}
    - target: {fileID: 8937307835678932536, guid: 04306e5af15b40a439a5b58ffe9df047, type: 3}
      propertyPath: m_LocalEulerAnglesHint.y
      value: 0
      objectReference: {fileID: 0}
    - target: {fileID: 8937307835678932536, guid: 04306e5af15b40a439a5b58ffe9df047, type: 3}
      propertyPath: m_LocalEulerAnglesHint.z
      value: 0
      objectReference: {fileID: 0}
    - target: {fileID: 8937307835678932537, guid: 04306e5af15b40a439a5b58ffe9df047, type: 3}
      propertyPath: m_Name
      value: WaterRow_04
      objectReference: {fileID: 0}
    m_RemovedComponents: []
  m_SourcePrefab: {fileID: 100100000, guid: 04306e5af15b40a439a5b58ffe9df047, type: 3}
--- !u!4 &1819169644 stripped
Transform:
  m_CorrespondingSourceObject: {fileID: 8937307835678932536, guid: 04306e5af15b40a439a5b58ffe9df047, type: 3}
  m_PrefabInstance: {fileID: 1819169643}
  m_PrefabAsset: {fileID: 0}
--- !u!1 &1826370221
GameObject:
  m_ObjectHideFlags: 0
  m_CorrespondingSourceObject: {fileID: 0}
  m_PrefabInstance: {fileID: 0}
  m_PrefabAsset: {fileID: 0}
  serializedVersion: 6
  m_Component:
  - component: {fileID: 1826370222}
  - component: {fileID: 1826370224}
  - component: {fileID: 1826370223}
  m_Layer: 5
  m_Name: Minimap_Panel
  m_TagString: Untagged
  m_Icon: {fileID: 0}
  m_NavMeshLayer: 0
  m_StaticEditorFlags: 0
  m_IsActive: 1
--- !u!224 &1826370222
RectTransform:
  m_ObjectHideFlags: 0
  m_CorrespondingSourceObject: {fileID: 0}
  m_PrefabInstance: {fileID: 0}
  m_PrefabAsset: {fileID: 0}
  m_GameObject: {fileID: 1826370221}
  m_LocalRotation: {x: 0, y: 0, z: 0, w: 1}
  m_LocalPosition: {x: 0, y: 0, z: 0}
  m_LocalScale: {x: 1, y: 1, z: 1}
  m_ConstrainProportionsScale: 0
  m_Children:
  - {fileID: 1561348742}
  - {fileID: 117650734}
  m_Father: {fileID: 1856826009}
  m_RootOrder: 0
  m_LocalEulerAnglesHint: {x: 0, y: 0, z: 0}
  m_AnchorMin: {x: 0, y: 1}
  m_AnchorMax: {x: 0, y: 1}
  m_AnchoredPosition: {x: -10, y: 10}
  m_SizeDelta: {x: 340, y: 340}
  m_Pivot: {x: 0, y: 1}
--- !u!114 &1826370223
MonoBehaviour:
  m_ObjectHideFlags: 0
  m_CorrespondingSourceObject: {fileID: 0}
  m_PrefabInstance: {fileID: 0}
  m_PrefabAsset: {fileID: 0}
  m_GameObject: {fileID: 1826370221}
  m_Enabled: 1
  m_EditorHideFlags: 0
  m_Script: {fileID: 11500000, guid: fe87c0e1cc204ed48ad3b37840f39efc, type: 3}
  m_Name: 
  m_EditorClassIdentifier: 
  m_Material: {fileID: 0}
  m_Color: {r: 0, g: 0, b: 0, a: 1}
  m_RaycastTarget: 1
  m_RaycastPadding: {x: 0, y: 0, z: 0, w: 0}
  m_Maskable: 1
  m_OnCullStateChanged:
    m_PersistentCalls:
      m_Calls: []
  m_Sprite: {fileID: 10907, guid: 0000000000000000f000000000000000, type: 0}
  m_Type: 1
  m_PreserveAspect: 0
  m_FillCenter: 1
  m_FillMethod: 4
  m_FillAmount: 1
  m_FillClockwise: 1
  m_FillOrigin: 0
  m_UseSpriteMesh: 0
  m_PixelsPerUnitMultiplier: 1
--- !u!222 &1826370224
CanvasRenderer:
  m_ObjectHideFlags: 0
  m_CorrespondingSourceObject: {fileID: 0}
  m_PrefabInstance: {fileID: 0}
  m_PrefabAsset: {fileID: 0}
  m_GameObject: {fileID: 1826370221}
  m_CullTransparentMesh: 1
--- !u!1 &1856826005
GameObject:
  m_ObjectHideFlags: 0
  m_CorrespondingSourceObject: {fileID: 0}
  m_PrefabInstance: {fileID: 0}
  m_PrefabAsset: {fileID: 0}
  serializedVersion: 6
  m_Component:
  - component: {fileID: 1856826009}
  - component: {fileID: 1856826008}
  - component: {fileID: 1856826007}
  - component: {fileID: 1856826006}
  m_Layer: 5
  m_Name: Canvas
  m_TagString: Untagged
  m_Icon: {fileID: 0}
  m_NavMeshLayer: 0
  m_StaticEditorFlags: 0
  m_IsActive: 1
--- !u!114 &1856826006
MonoBehaviour:
  m_ObjectHideFlags: 0
  m_CorrespondingSourceObject: {fileID: 0}
  m_PrefabInstance: {fileID: 0}
  m_PrefabAsset: {fileID: 0}
  m_GameObject: {fileID: 1856826005}
  m_Enabled: 1
  m_EditorHideFlags: 0
  m_Script: {fileID: 11500000, guid: dc42784cf147c0c48a680349fa168899, type: 3}
  m_Name: 
  m_EditorClassIdentifier: 
  m_IgnoreReversedGraphics: 1
  m_BlockingObjects: 0
  m_BlockingMask:
    serializedVersion: 2
    m_Bits: 4294967295
--- !u!114 &1856826007
MonoBehaviour:
  m_ObjectHideFlags: 0
  m_CorrespondingSourceObject: {fileID: 0}
  m_PrefabInstance: {fileID: 0}
  m_PrefabAsset: {fileID: 0}
  m_GameObject: {fileID: 1856826005}
  m_Enabled: 1
  m_EditorHideFlags: 0
  m_Script: {fileID: 11500000, guid: 0cd44c1031e13a943bb63640046fad76, type: 3}
  m_Name: 
  m_EditorClassIdentifier: 
  m_UiScaleMode: 0
  m_ReferencePixelsPerUnit: 100
  m_ScaleFactor: 1
  m_ReferenceResolution: {x: 800, y: 600}
  m_ScreenMatchMode: 0
  m_MatchWidthOrHeight: 0
  m_PhysicalUnit: 3
  m_FallbackScreenDPI: 96
  m_DefaultSpriteDPI: 96
  m_DynamicPixelsPerUnit: 1
  m_PresetInfoIsWorld: 0
--- !u!223 &1856826008
Canvas:
  m_ObjectHideFlags: 0
  m_CorrespondingSourceObject: {fileID: 0}
  m_PrefabInstance: {fileID: 0}
  m_PrefabAsset: {fileID: 0}
  m_GameObject: {fileID: 1856826005}
  m_Enabled: 1
  serializedVersion: 3
  m_RenderMode: 0
  m_Camera: {fileID: 0}
  m_PlaneDistance: 100
  m_PixelPerfect: 0
  m_ReceivesEvents: 1
  m_OverrideSorting: 0
  m_OverridePixelPerfect: 0
  m_SortingBucketNormalizedSize: 0
  m_AdditionalShaderChannelsFlag: 0
  m_SortingLayerID: 0
  m_SortingOrder: 0
  m_TargetDisplay: 0
--- !u!224 &1856826009
RectTransform:
  m_ObjectHideFlags: 0
  m_CorrespondingSourceObject: {fileID: 0}
  m_PrefabInstance: {fileID: 0}
  m_PrefabAsset: {fileID: 0}
  m_GameObject: {fileID: 1856826005}
  m_LocalRotation: {x: 0, y: 0, z: 0, w: 1}
  m_LocalPosition: {x: 0, y: 0, z: 0}
  m_LocalScale: {x: 0, y: 0, z: 0}
  m_ConstrainProportionsScale: 0
  m_Children:
  - {fileID: 1826370222}
  m_Father: {fileID: 0}
  m_RootOrder: 8
  m_LocalEulerAnglesHint: {x: 0, y: 0, z: 0}
  m_AnchorMin: {x: 0, y: 0}
  m_AnchorMax: {x: 0, y: 0}
  m_AnchoredPosition: {x: 0, y: 0}
  m_SizeDelta: {x: 0, y: 0}
  m_Pivot: {x: 0, y: 0}
--- !u!1001 &1461728997909570796
PrefabInstance:
  m_ObjectHideFlags: 0
  serializedVersion: 2
  m_Modification:
    m_TransformParent: {fileID: 0}
    m_Modifications:
    - target: {fileID: 1461728997710657682, guid: eef3edfe764a141dbace97402652c426, type: 3}
      propertyPath: m_Name
      value: Ship_Merchant_Small
      objectReference: {fileID: 0}
    - target: {fileID: 1461728997710657683, guid: eef3edfe764a141dbace97402652c426, type: 3}
      propertyPath: m_RootOrder
      value: 10
      objectReference: {fileID: 0}
    - target: {fileID: 1461728997710657683, guid: eef3edfe764a141dbace97402652c426, type: 3}
      propertyPath: m_LocalPosition.x
      value: 40
      objectReference: {fileID: 0}
    - target: {fileID: 1461728997710657683, guid: eef3edfe764a141dbace97402652c426, type: 3}
      propertyPath: m_LocalPosition.y
      value: 0
      objectReference: {fileID: 0}
    - target: {fileID: 1461728997710657683, guid: eef3edfe764a141dbace97402652c426, type: 3}
      propertyPath: m_LocalPosition.z
      value: 0
      objectReference: {fileID: 0}
    - target: {fileID: 1461728997710657683, guid: eef3edfe764a141dbace97402652c426, type: 3}
      propertyPath: m_LocalRotation.w
      value: 1
      objectReference: {fileID: 0}
    - target: {fileID: 1461728997710657683, guid: eef3edfe764a141dbace97402652c426, type: 3}
      propertyPath: m_LocalRotation.x
      value: 0
      objectReference: {fileID: 0}
    - target: {fileID: 1461728997710657683, guid: eef3edfe764a141dbace97402652c426, type: 3}
      propertyPath: m_LocalRotation.y
      value: 0
      objectReference: {fileID: 0}
    - target: {fileID: 1461728997710657683, guid: eef3edfe764a141dbace97402652c426, type: 3}
      propertyPath: m_LocalRotation.z
      value: 0
      objectReference: {fileID: 0}
    - target: {fileID: 1461728997710657683, guid: eef3edfe764a141dbace97402652c426, type: 3}
      propertyPath: m_LocalEulerAnglesHint.x
      value: 0
      objectReference: {fileID: 0}
    - target: {fileID: 1461728997710657683, guid: eef3edfe764a141dbace97402652c426, type: 3}
      propertyPath: m_LocalEulerAnglesHint.y
      value: 0
      objectReference: {fileID: 0}
    - target: {fileID: 1461728997710657683, guid: eef3edfe764a141dbace97402652c426, type: 3}
      propertyPath: m_LocalEulerAnglesHint.z
      value: 0
      objectReference: {fileID: 0}
    m_RemovedComponents: []
  m_SourcePrefab: {fileID: 100100000, guid: eef3edfe764a141dbace97402652c426, type: 3}
--- !u!1001 &2481434832216451078
PrefabInstance:
  m_ObjectHideFlags: 0
  serializedVersion: 2
  m_Modification:
    m_TransformParent: {fileID: 0}
    m_Modifications:
    - target: {fileID: 6231395730427277168, guid: 890261a8e909640a4833450f48f85013, type: 3}
      propertyPath: m_RootOrder
      value: 1
      objectReference: {fileID: 0}
    - target: {fileID: 6231395730427277168, guid: 890261a8e909640a4833450f48f85013, type: 3}
      propertyPath: m_LocalPosition.x
      value: 0
      objectReference: {fileID: 0}
    - target: {fileID: 6231395730427277168, guid: 890261a8e909640a4833450f48f85013, type: 3}
      propertyPath: m_LocalPosition.y
      value: 0
      objectReference: {fileID: 0}
    - target: {fileID: 6231395730427277168, guid: 890261a8e909640a4833450f48f85013, type: 3}
      propertyPath: m_LocalPosition.z
      value: 0
      objectReference: {fileID: 0}
    - target: {fileID: 6231395730427277168, guid: 890261a8e909640a4833450f48f85013, type: 3}
      propertyPath: m_LocalRotation.w
      value: 1
      objectReference: {fileID: 0}
    - target: {fileID: 6231395730427277168, guid: 890261a8e909640a4833450f48f85013, type: 3}
      propertyPath: m_LocalRotation.x
      value: 0
      objectReference: {fileID: 0}
    - target: {fileID: 6231395730427277168, guid: 890261a8e909640a4833450f48f85013, type: 3}
      propertyPath: m_LocalRotation.y
      value: 0
      objectReference: {fileID: 0}
    - target: {fileID: 6231395730427277168, guid: 890261a8e909640a4833450f48f85013, type: 3}
      propertyPath: m_LocalRotation.z
      value: 0
      objectReference: {fileID: 0}
    - target: {fileID: 6231395730427277168, guid: 890261a8e909640a4833450f48f85013, type: 3}
      propertyPath: m_LocalEulerAnglesHint.x
      value: 0
      objectReference: {fileID: 0}
    - target: {fileID: 6231395730427277168, guid: 890261a8e909640a4833450f48f85013, type: 3}
      propertyPath: m_LocalEulerAnglesHint.y
      value: 0
      objectReference: {fileID: 0}
    - target: {fileID: 6231395730427277168, guid: 890261a8e909640a4833450f48f85013, type: 3}
      propertyPath: m_LocalEulerAnglesHint.z
      value: 0
      objectReference: {fileID: 0}
    - target: {fileID: 6231395730427480456, guid: 890261a8e909640a4833450f48f85013, type: 3}
      propertyPath: m_Name
      value: Ship_Swashbuckler_Human
      objectReference: {fileID: 0}
    - target: {fileID: 6231395731226916193, guid: 890261a8e909640a4833450f48f85013, type: 3}
      propertyPath: m_Enabled
      value: 1
      objectReference: {fileID: 0}
    m_RemovedComponents: []
  m_SourcePrefab: {fileID: 100100000, guid: 890261a8e909640a4833450f48f85013, type: 3}
--- !u!1001 &2889839062728737540
PrefabInstance:
  m_ObjectHideFlags: 0
  serializedVersion: 2
  m_Modification:
    m_TransformParent: {fileID: 0}
    m_Modifications:
    - target: {fileID: 2889839063601819885, guid: 6dcc03ba151d84cee950ebc396500012, type: 3}
      propertyPath: m_Name
      value: Ship_Merchant_Large
      objectReference: {fileID: 0}
    - target: {fileID: 2889839063601819886, guid: 6dcc03ba151d84cee950ebc396500012, type: 3}
      propertyPath: m_RootOrder
      value: 12
      objectReference: {fileID: 0}
    - target: {fileID: 2889839063601819886, guid: 6dcc03ba151d84cee950ebc396500012, type: 3}
      propertyPath: m_LocalPosition.x
      value: 120
      objectReference: {fileID: 0}
    - target: {fileID: 2889839063601819886, guid: 6dcc03ba151d84cee950ebc396500012, type: 3}
      propertyPath: m_LocalPosition.y
      value: 0
      objectReference: {fileID: 0}
    - target: {fileID: 2889839063601819886, guid: 6dcc03ba151d84cee950ebc396500012, type: 3}
      propertyPath: m_LocalPosition.z
      value: 0
      objectReference: {fileID: 0}
    - target: {fileID: 2889839063601819886, guid: 6dcc03ba151d84cee950ebc396500012, type: 3}
      propertyPath: m_LocalRotation.w
      value: 1
      objectReference: {fileID: 0}
    - target: {fileID: 2889839063601819886, guid: 6dcc03ba151d84cee950ebc396500012, type: 3}
      propertyPath: m_LocalRotation.x
      value: 0
      objectReference: {fileID: 0}
    - target: {fileID: 2889839063601819886, guid: 6dcc03ba151d84cee950ebc396500012, type: 3}
      propertyPath: m_LocalRotation.y
      value: 0
      objectReference: {fileID: 0}
    - target: {fileID: 2889839063601819886, guid: 6dcc03ba151d84cee950ebc396500012, type: 3}
      propertyPath: m_LocalRotation.z
      value: 0
      objectReference: {fileID: 0}
    - target: {fileID: 2889839063601819886, guid: 6dcc03ba151d84cee950ebc396500012, type: 3}
      propertyPath: m_LocalEulerAnglesHint.x
      value: 0
      objectReference: {fileID: 0}
    - target: {fileID: 2889839063601819886, guid: 6dcc03ba151d84cee950ebc396500012, type: 3}
      propertyPath: m_LocalEulerAnglesHint.y
      value: 0
      objectReference: {fileID: 0}
    - target: {fileID: 2889839063601819886, guid: 6dcc03ba151d84cee950ebc396500012, type: 3}
      propertyPath: m_LocalEulerAnglesHint.z
      value: 0
      objectReference: {fileID: 0}
    m_RemovedComponents: []
  m_SourcePrefab: {fileID: 100100000, guid: 6dcc03ba151d84cee950ebc396500012, type: 3}
--- !u!1001 &6230767412268322836
PrefabInstance:
  m_ObjectHideFlags: 0
  serializedVersion: 2
  m_Modification:
    m_TransformParent: {fileID: 0}
    m_Modifications:
    - target: {fileID: 6230767412793646334, guid: 0fcba4d62fc644411943c74b66e4d717, type: 3}
      propertyPath: m_Name
      value: Ship_Merchant_Medium
      objectReference: {fileID: 0}
    - target: {fileID: 6230767412793646335, guid: 0fcba4d62fc644411943c74b66e4d717, type: 3}
      propertyPath: m_RootOrder
      value: 11
      objectReference: {fileID: 0}
    - target: {fileID: 6230767412793646335, guid: 0fcba4d62fc644411943c74b66e4d717, type: 3}
      propertyPath: m_LocalPosition.x
      value: 80
      objectReference: {fileID: 0}
    - target: {fileID: 6230767412793646335, guid: 0fcba4d62fc644411943c74b66e4d717, type: 3}
      propertyPath: m_LocalPosition.y
      value: 0
      objectReference: {fileID: 0}
    - target: {fileID: 6230767412793646335, guid: 0fcba4d62fc644411943c74b66e4d717, type: 3}
      propertyPath: m_LocalPosition.z
      value: 0
      objectReference: {fileID: 0}
    - target: {fileID: 6230767412793646335, guid: 0fcba4d62fc644411943c74b66e4d717, type: 3}
      propertyPath: m_LocalRotation.w
      value: 1
      objectReference: {fileID: 0}
    - target: {fileID: 6230767412793646335, guid: 0fcba4d62fc644411943c74b66e4d717, type: 3}
      propertyPath: m_LocalRotation.x
      value: 0
      objectReference: {fileID: 0}
    - target: {fileID: 6230767412793646335, guid: 0fcba4d62fc644411943c74b66e4d717, type: 3}
      propertyPath: m_LocalRotation.y
      value: 0
      objectReference: {fileID: 0}
    - target: {fileID: 6230767412793646335, guid: 0fcba4d62fc644411943c74b66e4d717, type: 3}
      propertyPath: m_LocalRotation.z
      value: 0
      objectReference: {fileID: 0}
    - target: {fileID: 6230767412793646335, guid: 0fcba4d62fc644411943c74b66e4d717, type: 3}
      propertyPath: m_LocalEulerAnglesHint.x
      value: 0
      objectReference: {fileID: 0}
    - target: {fileID: 6230767412793646335, guid: 0fcba4d62fc644411943c74b66e4d717, type: 3}
      propertyPath: m_LocalEulerAnglesHint.y
      value: 0
      objectReference: {fileID: 0}
    - target: {fileID: 6230767412793646335, guid: 0fcba4d62fc644411943c74b66e4d717, type: 3}
      propertyPath: m_LocalEulerAnglesHint.z
      value: 0
      objectReference: {fileID: 0}
    m_RemovedComponents: []
  m_SourcePrefab: {fileID: 100100000, guid: 0fcba4d62fc644411943c74b66e4d717, type: 3}
--- !u!4 &8364748786329323382 stripped
Transform:
  m_CorrespondingSourceObject: {fileID: 6231395730427277168, guid: 890261a8e909640a4833450f48f85013, type: 3}
  m_PrefabInstance: {fileID: 2481434832216451078}
  m_PrefabAsset: {fileID: 0}
--- !u!1001 &8707847735137108837
PrefabInstance:
  m_ObjectHideFlags: 0
  serializedVersion: 2
  m_Modification:
    m_TransformParent: {fileID: 117650734}
    m_Modifications:
    - target: {fileID: 2490587513144561744, guid: b564a2b93c0175149b8cea18b66e3b14, type: 3}
      propertyPath: m_Name
      value: MiniMap Ship
      objectReference: {fileID: 0}
    - target: {fileID: 2756160170151673057, guid: b564a2b93c0175149b8cea18b66e3b14, type: 3}
      propertyPath: m_Pivot.x
      value: 0.5
      objectReference: {fileID: 0}
    - target: {fileID: 2756160170151673057, guid: b564a2b93c0175149b8cea18b66e3b14, type: 3}
      propertyPath: m_Pivot.y
      value: 0.5
      objectReference: {fileID: 0}
    - target: {fileID: 2756160170151673057, guid: b564a2b93c0175149b8cea18b66e3b14, type: 3}
      propertyPath: m_RootOrder
      value: 0
      objectReference: {fileID: 0}
    - target: {fileID: 2756160170151673057, guid: b564a2b93c0175149b8cea18b66e3b14, type: 3}
      propertyPath: m_AnchorMax.x
      value: 0.5
      objectReference: {fileID: 0}
    - target: {fileID: 2756160170151673057, guid: b564a2b93c0175149b8cea18b66e3b14, type: 3}
      propertyPath: m_AnchorMax.y
      value: 0.5
      objectReference: {fileID: 0}
    - target: {fileID: 2756160170151673057, guid: b564a2b93c0175149b8cea18b66e3b14, type: 3}
      propertyPath: m_AnchorMin.x
      value: 0.5
      objectReference: {fileID: 0}
    - target: {fileID: 2756160170151673057, guid: b564a2b93c0175149b8cea18b66e3b14, type: 3}
      propertyPath: m_AnchorMin.y
      value: 0.5
      objectReference: {fileID: 0}
    - target: {fileID: 2756160170151673057, guid: b564a2b93c0175149b8cea18b66e3b14, type: 3}
      propertyPath: m_SizeDelta.x
      value: 12
      objectReference: {fileID: 0}
    - target: {fileID: 2756160170151673057, guid: b564a2b93c0175149b8cea18b66e3b14, type: 3}
      propertyPath: m_SizeDelta.y
      value: 12
      objectReference: {fileID: 0}
    - target: {fileID: 2756160170151673057, guid: b564a2b93c0175149b8cea18b66e3b14, type: 3}
      propertyPath: m_LocalPosition.x
      value: 0
      objectReference: {fileID: 0}
    - target: {fileID: 2756160170151673057, guid: b564a2b93c0175149b8cea18b66e3b14, type: 3}
      propertyPath: m_LocalPosition.y
      value: 0
      objectReference: {fileID: 0}
    - target: {fileID: 2756160170151673057, guid: b564a2b93c0175149b8cea18b66e3b14, type: 3}
      propertyPath: m_LocalPosition.z
      value: 0
      objectReference: {fileID: 0}
    - target: {fileID: 2756160170151673057, guid: b564a2b93c0175149b8cea18b66e3b14, type: 3}
      propertyPath: m_LocalRotation.w
      value: 1
      objectReference: {fileID: 0}
    - target: {fileID: 2756160170151673057, guid: b564a2b93c0175149b8cea18b66e3b14, type: 3}
      propertyPath: m_LocalRotation.x
      value: 0
      objectReference: {fileID: 0}
    - target: {fileID: 2756160170151673057, guid: b564a2b93c0175149b8cea18b66e3b14, type: 3}
      propertyPath: m_LocalRotation.y
      value: 0
      objectReference: {fileID: 0}
    - target: {fileID: 2756160170151673057, guid: b564a2b93c0175149b8cea18b66e3b14, type: 3}
      propertyPath: m_LocalRotation.z
      value: 0
      objectReference: {fileID: 0}
    - target: {fileID: 2756160170151673057, guid: b564a2b93c0175149b8cea18b66e3b14, type: 3}
      propertyPath: m_AnchoredPosition.x
      value: 0
      objectReference: {fileID: 0}
    - target: {fileID: 2756160170151673057, guid: b564a2b93c0175149b8cea18b66e3b14, type: 3}
      propertyPath: m_AnchoredPosition.y
      value: 0
      objectReference: {fileID: 0}
    - target: {fileID: 2756160170151673057, guid: b564a2b93c0175149b8cea18b66e3b14, type: 3}
      propertyPath: m_LocalEulerAnglesHint.x
      value: 0
      objectReference: {fileID: 0}
    - target: {fileID: 2756160170151673057, guid: b564a2b93c0175149b8cea18b66e3b14, type: 3}
      propertyPath: m_LocalEulerAnglesHint.y
      value: 0
      objectReference: {fileID: 0}
    - target: {fileID: 2756160170151673057, guid: b564a2b93c0175149b8cea18b66e3b14, type: 3}
      propertyPath: m_LocalEulerAnglesHint.z
      value: 0
      objectReference: {fileID: 0}
    - target: {fileID: 8454201777407757683, guid: b564a2b93c0175149b8cea18b66e3b14, type: 3}
      propertyPath: seaMapScale
      value: 80
      objectReference: {fileID: 0}
    - target: {fileID: 8454201777407757683, guid: b564a2b93c0175149b8cea18b66e3b14, type: 3}
      propertyPath: shipTransform
      value: 
      objectReference: {fileID: 8364748786329323382}
    - target: {fileID: 8454201777407757683, guid: b564a2b93c0175149b8cea18b66e3b14, type: 3}
      propertyPath: seaMapResolution
      value: 1
      objectReference: {fileID: 0}
    - target: {fileID: 8454201777407757683, guid: b564a2b93c0175149b8cea18b66e3b14, type: 3}
      propertyPath: miniMapResolution
      value: 1
      objectReference: {fileID: 0}
    m_RemovedComponents: []
  m_SourcePrefab: {fileID: 100100000, guid: b564a2b93c0175149b8cea18b66e3b14, type: 3}
--- !u!224 &8707847735137108838 stripped
RectTransform:
  m_CorrespondingSourceObject: {fileID: 2756160170151673057, guid: b564a2b93c0175149b8cea18b66e3b14, type: 3}
  m_PrefabInstance: {fileID: 8707847735137108837}
  m_PrefabAsset: {fileID: 0}
--- !u!1001 &8937307834633457101
PrefabInstance:
  m_ObjectHideFlags: 0
  serializedVersion: 2
  m_Modification:
    m_TransformParent: {fileID: 1745667827}
    m_Modifications:
    - target: {fileID: 8937307835678932536, guid: 04306e5af15b40a439a5b58ffe9df047, type: 3}
      propertyPath: m_RootOrder
      value: 0
      objectReference: {fileID: 0}
    - target: {fileID: 8937307835678932536, guid: 04306e5af15b40a439a5b58ffe9df047, type: 3}
      propertyPath: m_LocalPosition.x
      value: 0
      objectReference: {fileID: 0}
    - target: {fileID: 8937307835678932536, guid: 04306e5af15b40a439a5b58ffe9df047, type: 3}
      propertyPath: m_LocalPosition.y
      value: 0
      objectReference: {fileID: 0}
    - target: {fileID: 8937307835678932536, guid: 04306e5af15b40a439a5b58ffe9df047, type: 3}
      propertyPath: m_LocalPosition.z
      value: 300
      objectReference: {fileID: 0}
    - target: {fileID: 8937307835678932536, guid: 04306e5af15b40a439a5b58ffe9df047, type: 3}
      propertyPath: m_LocalRotation.w
      value: 1
      objectReference: {fileID: 0}
    - target: {fileID: 8937307835678932536, guid: 04306e5af15b40a439a5b58ffe9df047, type: 3}
      propertyPath: m_LocalRotation.x
      value: 0
      objectReference: {fileID: 0}
    - target: {fileID: 8937307835678932536, guid: 04306e5af15b40a439a5b58ffe9df047, type: 3}
      propertyPath: m_LocalRotation.y
      value: 0
      objectReference: {fileID: 0}
    - target: {fileID: 8937307835678932536, guid: 04306e5af15b40a439a5b58ffe9df047, type: 3}
      propertyPath: m_LocalRotation.z
      value: 0
      objectReference: {fileID: 0}
    - target: {fileID: 8937307835678932536, guid: 04306e5af15b40a439a5b58ffe9df047, type: 3}
      propertyPath: m_LocalEulerAnglesHint.x
      value: 0
      objectReference: {fileID: 0}
    - target: {fileID: 8937307835678932536, guid: 04306e5af15b40a439a5b58ffe9df047, type: 3}
      propertyPath: m_LocalEulerAnglesHint.y
      value: 0
      objectReference: {fileID: 0}
    - target: {fileID: 8937307835678932536, guid: 04306e5af15b40a439a5b58ffe9df047, type: 3}
      propertyPath: m_LocalEulerAnglesHint.z
      value: 0
      objectReference: {fileID: 0}
    - target: {fileID: 8937307835678932537, guid: 04306e5af15b40a439a5b58ffe9df047, type: 3}
      propertyPath: m_Name
      value: WaterRow
      objectReference: {fileID: 0}
    m_RemovedComponents: []
  m_SourcePrefab: {fileID: 100100000, guid: 04306e5af15b40a439a5b58ffe9df047, type: 3}
