%YAML 1.1
%TAG !u! tag:unity3d.com,2011:
--- !u!1 &1661473034369068087
GameObject:
  m_ObjectHideFlags: 0
  m_CorrespondingSourceObject: {fileID: 0}
  m_PrefabInstance: {fileID: 0}
  m_PrefabAsset: {fileID: 0}
  serializedVersion: 6
  m_Component:
  - component: {fileID: 4385005763843748838}
  - component: {fileID: 718688801060788852}
  m_Layer: 6
  m_Name: ArrowScaler
  m_TagString: Untagged
  m_Icon: {fileID: 0}
  m_NavMeshLayer: 0
  m_StaticEditorFlags: 0
  m_IsActive: 1
--- !u!4 &4385005763843748838
Transform:
  m_ObjectHideFlags: 0
  m_CorrespondingSourceObject: {fileID: 0}
  m_PrefabInstance: {fileID: 0}
  m_PrefabAsset: {fileID: 0}
  m_GameObject: {fileID: 1661473034369068087}
  m_LocalRotation: {x: 0, y: 0, z: 0, w: 1}
  m_LocalPosition: {x: 0, y: 24, z: 0}
  m_LocalScale: {x: 1, y: 1, z: 1}
  m_ConstrainProportionsScale: 0
  m_Children:
  - {fileID: 7758971747699240603}
  m_Father: {fileID: 2889839063601819886}
  m_RootOrder: 3
  m_LocalEulerAnglesHint: {x: 0, y: 0, z: 0}
--- !u!114 &718688801060788852
MonoBehaviour:
  m_ObjectHideFlags: 0
  m_CorrespondingSourceObject: {fileID: 0}
  m_PrefabInstance: {fileID: 0}
  m_PrefabAsset: {fileID: 0}
  m_GameObject: {fileID: 1661473034369068087}
  m_Enabled: 1
  m_EditorHideFlags: 0
  m_Script: {fileID: 11500000, guid: 2b12daf3dcb3548d99bc2c6b3e61c096, type: 3}
  m_Name: 
  m_EditorClassIdentifier: 
  child: {fileID: 1238721537974799364}
  minMaxScale: {x: 48, y: 400}
  camHeightForScale: {x: 1500, y: 10000}
  hideAtMin: 1
  lockX: 0
  lockY: 0
  lockZ: 1
  minMaxHeight: {x: 1, y: 100}
  camHeightForHeight: {x: 1000, y: 4000}
--- !u!1 &2889839063233887165
GameObject:
  m_ObjectHideFlags: 0
  m_CorrespondingSourceObject: {fileID: 0}
  m_PrefabInstance: {fileID: 0}
  m_PrefabAsset: {fileID: 0}
  serializedVersion: 6
  m_Component:
  - component: {fileID: 2889839063233887166}
  m_Layer: 0
  m_Name: DepthAdjuster
  m_TagString: Untagged
  m_Icon: {fileID: 0}
  m_NavMeshLayer: 0
  m_StaticEditorFlags: 0
  m_IsActive: 1
--- !u!4 &2889839063233887166
Transform:
  m_ObjectHideFlags: 0
  m_CorrespondingSourceObject: {fileID: 0}
  m_PrefabInstance: {fileID: 0}
  m_PrefabAsset: {fileID: 0}
  m_GameObject: {fileID: 2889839063233887165}
  m_LocalRotation: {x: 0, y: 0, z: 0, w: 1}
  m_LocalPosition: {x: 0, y: -2, z: 0}
  m_LocalScale: {x: 1, y: 1, z: 1}
  m_ConstrainProportionsScale: 0
  m_Children:
  - {fileID: 2889839064341462066}
  - {fileID: 5332377147208888993}
  m_Father: {fileID: 2889839063601819886}
  m_RootOrder: 0
  m_LocalEulerAnglesHint: {x: 0, y: 0, z: 0}
--- !u!1 &2889839063601819885
GameObject:
  m_ObjectHideFlags: 0
  m_CorrespondingSourceObject: {fileID: 0}
  m_PrefabInstance: {fileID: 0}
  m_PrefabAsset: {fileID: 0}
  serializedVersion: 6
  m_Component:
  - component: {fileID: 2889839063601819886}
  - component: {fileID: 2889839063601819887}
  - component: {fileID: 2889839063601819883}
  - component: {fileID: 2889839063601819882}
  - component: {fileID: 2889839063601819881}
  m_Layer: 0
  m_Name: Ship_Merchant_Large
  m_TagString: Untagged
  m_Icon: {fileID: 0}
  m_NavMeshLayer: 0
  m_StaticEditorFlags: 0
  m_IsActive: 1
--- !u!4 &2889839063601819886
Transform:
  m_ObjectHideFlags: 0
  m_CorrespondingSourceObject: {fileID: 0}
  m_PrefabInstance: {fileID: 0}
  m_PrefabAsset: {fileID: 0}
  m_GameObject: {fileID: 2889839063601819885}
  m_LocalRotation: {x: 0, y: 0, z: 0, w: 1}
  m_LocalPosition: {x: 120, y: 0, z: 0}
  m_LocalScale: {x: 1, y: 1, z: 1}
  m_ConstrainProportionsScale: 0
  m_Children:
  - {fileID: 2889839063233887166}
  - {fileID: 2889839064361938981}
  - {fileID: 8811884681639593749}
  - {fileID: 4385005763843748838}
  m_Father: {fileID: 0}
  m_RootOrder: 0
  m_LocalEulerAnglesHint: {x: 0, y: 0, z: 0}
--- !u!114 &2889839063601819887
MonoBehaviour:
  m_ObjectHideFlags: 0
  m_CorrespondingSourceObject: {fileID: 0}
  m_PrefabInstance: {fileID: 0}
  m_PrefabAsset: {fileID: 0}
  m_GameObject: {fileID: 2889839063601819885}
  m_Enabled: 1
  m_EditorHideFlags: 0
  m_Script: {fileID: 11500000, guid: 4aa6dea3217a4310a083d603f39a5560, type: 3}
  m_Name: 
  m_EditorClassIdentifier: 
  thisIsANonSpawnedTestShip: 0
  shipClass: 4
  captainSO: {fileID: 0}
  rigid: {fileID: 2889839063601819883}
  bosun: {fileID: 2889839063601819882}
  gunny: {fileID: 2889839063601819881}
  stats: {fileID: 0}
  scaly: {fileID: 0}
  maxSpeed: 20
  speedEasingPerSecond: 0.25
  baseTurnRatePerSecond: 60
  turnBleedSpeedMultiplier: 2
  shipID: 0
  speed: 0
  turning: 0
  _heading: 0
  health: 0
  crew: 0
  cannon: 0
  loot: 0
--- !u!54 &2889839063601819883
Rigidbody:
  m_ObjectHideFlags: 0
  m_CorrespondingSourceObject: {fileID: 0}
  m_PrefabInstance: {fileID: 0}
  m_PrefabAsset: {fileID: 0}
  m_GameObject: {fileID: 2889839063601819885}
  serializedVersion: 2
  m_Mass: 1
  m_Drag: 0
  m_AngularDrag: 0.05
  m_UseGravity: 1
  m_IsKinematic: 0
  m_Interpolate: 0
  m_Constraints: 84
  m_CollisionDetection: 0
--- !u!114 &2889839063601819882
MonoBehaviour:
  m_ObjectHideFlags: 0
  m_CorrespondingSourceObject: {fileID: 0}
  m_PrefabInstance: {fileID: 0}
  m_PrefabAsset: {fileID: 0}
  m_GameObject: {fileID: 2889839063601819885}
  m_Enabled: 1
  m_EditorHideFlags: 0
  m_Script: {fileID: 11500000, guid: 3478b301e945e1c4d8b72f44fef6dbab, type: 3}
  m_Name: 
  m_EditorClassIdentifier: 
  info:
    title: Info
    text: The boatswain (pronounced <i>BO-sun</i>) was in charge of sails aboard
      ship. In this game, the boatswain manages deploying and stowing the sail as
      well as repairing sails when needed (repair speed depends on # of crew.). When
      sailsUp == true, the sails are deployed.
    showAsFoldout: 1
    foldoutOpenByDefault: 0
  _sailsUp: 1
  sailsUpObjects:
  - {fileID: 2889839064341279816}
  - {fileID: 2889839064341023172}
  - {fileID: 2889839064341235358}
  - {fileID: 2889839064341280352}
  - {fileID: 2889839064341042190}
  sailsDownObjects:
  - {fileID: 2889839064341276102}
  - {fileID: 2889839064341246174}
  - {fileID: 2889839064341227424}
  - {fileID: 2889839064341268260}
--- !u!114 &2889839063601819881
MonoBehaviour:
  m_ObjectHideFlags: 0
  m_CorrespondingSourceObject: {fileID: 0}
  m_PrefabInstance: {fileID: 0}
  m_PrefabAsset: {fileID: 0}
  m_GameObject: {fileID: 2889839063601819885}
  m_Enabled: 1
  m_EditorHideFlags: 0
  m_Script: {fileID: 11500000, guid: 0e30716a502df3c4cad221a96185096b, type: 3}
  m_Name: 
  m_EditorClassIdentifier: 
  cannonPairs: []
  ship: {fileID: 2889839063601819887}
--- !u!1 &2889839064361938980
GameObject:
  m_ObjectHideFlags: 0
  m_CorrespondingSourceObject: {fileID: 0}
  m_PrefabInstance: {fileID: 0}
  m_PrefabAsset: {fileID: 0}
  serializedVersion: 6
  m_Component:
  - component: {fileID: 2889839064361938981}
  - component: {fileID: 2889839064361938982}
  m_Layer: 0
  m_Name: Wake TrailRenderer
  m_TagString: Untagged
  m_Icon: {fileID: 0}
  m_NavMeshLayer: 0
  m_StaticEditorFlags: 0
  m_IsActive: 1
--- !u!4 &2889839064361938981
Transform:
  m_ObjectHideFlags: 0
  m_CorrespondingSourceObject: {fileID: 0}
  m_PrefabInstance: {fileID: 0}
  m_PrefabAsset: {fileID: 0}
  m_GameObject: {fileID: 2889839064361938980}
  m_LocalRotation: {x: 0.7071068, y: -0, z: -0, w: 0.7071068}
  m_LocalPosition: {x: 0, y: 2, z: 0}
  m_LocalScale: {x: 1, y: 1, z: 1}
  m_ConstrainProportionsScale: 0
  m_Children: []
  m_Father: {fileID: 2889839063601819886}
  m_RootOrder: 1
  m_LocalEulerAnglesHint: {x: 90, y: 0, z: 0}
--- !u!96 &2889839064361938982
TrailRenderer:
  serializedVersion: 2
  m_ObjectHideFlags: 0
  m_CorrespondingSourceObject: {fileID: 0}
  m_PrefabInstance: {fileID: 0}
  m_PrefabAsset: {fileID: 0}
  m_GameObject: {fileID: 2889839064361938980}
  m_Enabled: 1
  m_CastShadows: 0
  m_ReceiveShadows: 1
  m_DynamicOccludee: 1
  m_StaticShadowCaster: 0
  m_MotionVectors: 0
  m_LightProbeUsage: 0
  m_ReflectionProbeUsage: 0
  m_RayTracingMode: 0
  m_RayTraceProcedural: 0
  m_RenderingLayerMask: 1
  m_RendererPriority: 0
  m_Materials:
  - {fileID: 10306, guid: 0000000000000000f000000000000000, type: 0}
  m_StaticBatchInfo:
    firstSubMesh: 0
    subMeshCount: 0
  m_StaticBatchRoot: {fileID: 0}
  m_ProbeAnchor: {fileID: 0}
  m_LightProbeVolumeOverride: {fileID: 0}
  m_ScaleInLightmap: 1
  m_ReceiveGI: 1
  m_PreserveUVs: 0
  m_IgnoreNormalsForChartDetection: 0
  m_ImportantGI: 0
  m_StitchLightmapSeams: 1
  m_SelectedEditorRenderState: 3
  m_MinimumChartSize: 4
  m_AutoUVMaxDistance: 0.5
  m_AutoUVMaxAngle: 89
  m_LightmapParameters: {fileID: 0}
  m_SortingLayerID: 0
  m_SortingLayer: 0
  m_SortingOrder: 0
  m_Time: 4
  m_Parameters:
    serializedVersion: 3
    widthMultiplier: 60
    widthCurve:
      serializedVersion: 2
      m_Curve:
      - serializedVersion: 3
        time: 0
        value: 0.13333201
        inSlope: 0.33660197
        outSlope: 0.33660197
        tangentMode: 0
        weightedMode: 0
        inWeight: 0.33333334
        outWeight: 0.10469156
      - serializedVersion: 3
        time: 1
        value: 0
        inSlope: -0.29134986
        outSlope: -0.29134986
        tangentMode: 0
        weightedMode: 0
        inWeight: 0.10560912
        outWeight: 0
      m_PreInfinity: 2
      m_PostInfinity: 2
      m_RotationOrder: 4
    colorGradient:
      serializedVersion: 2
      key0: {r: 1, g: 1, b: 1, a: 0.2509804}
      key1: {r: 1, g: 1, b: 1, a: 0}
      key2: {r: 0, g: 0, b: 0, a: 0}
      key3: {r: 0, g: 0, b: 0, a: 0}
      key4: {r: 0, g: 0, b: 0, a: 0}
      key5: {r: 0, g: 0, b: 0, a: 0}
      key6: {r: 0, g: 0, b: 0, a: 0}
      key7: {r: 0, g: 0, b: 0, a: 0}
      ctime0: 0
      ctime1: 65535
      ctime2: 0
      ctime3: 0
      ctime4: 0
      ctime5: 0
      ctime6: 0
      ctime7: 0
      atime0: 21395
      atime1: 65535
      atime2: 0
      atime3: 0
      atime4: 0
      atime5: 0
      atime6: 0
      atime7: 0
      m_Mode: 0
      m_NumColorKeys: 2
      m_NumAlphaKeys: 2
    numCornerVertices: 0
    numCapVertices: 0
    alignment: 1
    textureMode: 0
    shadowBias: 0.5
    generateLightingData: 0
  m_MinVertexDistance: 0.1
  m_Autodestruct: 0
  m_Emitting: 1
--- !u!1 &3826496915949749760
GameObject:
  m_ObjectHideFlags: 0
  m_CorrespondingSourceObject: {fileID: 0}
  m_PrefabInstance: {fileID: 0}
  m_PrefabAsset: {fileID: 0}
  serializedVersion: 6
  m_Component:
  - component: {fileID: 8811884681639593749}
  - component: {fileID: 6682257516987766879}
  m_Layer: 6
  m_Name: StatScaler
  m_TagString: Untagged
  m_Icon: {fileID: 0}
  m_NavMeshLayer: 0
  m_StaticEditorFlags: 0
  m_IsActive: 1
--- !u!4 &8811884681639593749
Transform:
  m_ObjectHideFlags: 0
  m_CorrespondingSourceObject: {fileID: 0}
  m_PrefabInstance: {fileID: 0}
  m_PrefabAsset: {fileID: 0}
  m_GameObject: {fileID: 3826496915949749760}
  m_LocalRotation: {x: 0, y: 0, z: 0, w: 1}
  m_LocalPosition: {x: 0, y: 0, z: 0}
  m_LocalScale: {x: 1, y: 1, z: 1}
  m_ConstrainProportionsScale: 0
  m_Children:
  - {fileID: 5877739737377403750}
  m_Father: {fileID: 2889839063601819886}
  m_RootOrder: 2
  m_LocalEulerAnglesHint: {x: 0, y: 0, z: 0}
--- !u!114 &6682257516987766879
MonoBehaviour:
  m_ObjectHideFlags: 0
  m_CorrespondingSourceObject: {fileID: 0}
  m_PrefabInstance: {fileID: 0}
  m_PrefabAsset: {fileID: 0}
  m_GameObject: {fileID: 3826496915949749760}
  m_Enabled: 1
  m_EditorHideFlags: 0
  m_Script: {fileID: 11500000, guid: 2b12daf3dcb3548d99bc2c6b3e61c096, type: 3}
  m_Name: 
  m_EditorClassIdentifier: 
  child: {fileID: 5877739737377403744}
  minMaxScale: {x: 48, y: 1000}
  camHeightForScale: {x: 100, y: 10000}
  hideAtMin: 0
  lockX: 0
  lockY: 1
  lockZ: 0
  minMaxHeight: {x: 1, y: 100}
  camHeightForHeight: {x: 1000, y: 4000}
--- !u!1 &8831203768796951449
GameObject:
  m_ObjectHideFlags: 0
  m_CorrespondingSourceObject: {fileID: 0}
  m_PrefabInstance: {fileID: 0}
  m_PrefabAsset: {fileID: 0}
  serializedVersion: 6
  m_Component:
  - component: {fileID: 5332377147208888993}
  - component: {fileID: 7791910309037517890}
  m_Layer: 8
  m_Name: Sail_Collider
  m_TagString: Untagged
  m_Icon: {fileID: 0}
  m_NavMeshLayer: 0
  m_StaticEditorFlags: 0
  m_IsActive: 1
--- !u!4 &5332377147208888993
Transform:
  m_ObjectHideFlags: 0
  m_CorrespondingSourceObject: {fileID: 0}
  m_PrefabInstance: {fileID: 0}
  m_PrefabAsset: {fileID: 0}
  m_GameObject: {fileID: 8831203768796951449}
  m_LocalRotation: {x: 0.38268343, y: 0, z: 0, w: 0.92387956}
  m_LocalPosition: {x: 0, y: 13.5, z: 2.5}
  m_LocalScale: {x: 1, y: 28, z: 28}
  m_ConstrainProportionsScale: 0
  m_Children: []
  m_Father: {fileID: 2889839063233887166}
  m_RootOrder: 1
  m_LocalEulerAnglesHint: {x: 45, y: 0, z: 0}
--- !u!65 &7791910309037517890
BoxCollider:
  m_ObjectHideFlags: 0
  m_CorrespondingSourceObject: {fileID: 0}
  m_PrefabInstance: {fileID: 0}
  m_PrefabAsset: {fileID: 0}
  m_GameObject: {fileID: 8831203768796951449}
  m_Material: {fileID: 0}
  m_IsTrigger: 0
  m_Enabled: 1
  serializedVersion: 2
  m_Size: {x: 1, y: 1, z: 1}
  m_Center: {x: 0, y: 0, z: 0}
--- !u!1001 &2889839064341139118
PrefabInstance:
  m_ObjectHideFlags: 0
  serializedVersion: 2
  m_Modification:
    m_TransformParent: {fileID: 2889839063233887166}
    m_Modifications:
    - target: {fileID: 105120, guid: 00527f6e18debd843a66aba9400c8c45, type: 3}
      propertyPath: m_IsActive
      value: 1
      objectReference: {fileID: 0}
    - target: {fileID: 116586, guid: 00527f6e18debd843a66aba9400c8c45, type: 3}
      propertyPath: m_IsActive
      value: 1
      objectReference: {fileID: 0}
    - target: {fileID: 126510, guid: 00527f6e18debd843a66aba9400c8c45, type: 3}
      propertyPath: m_Name
      value: SM_Veh_Boat_Warship_01_Hull_Attachments
      objectReference: {fileID: 0}
    - target: {fileID: 126510, guid: 00527f6e18debd843a66aba9400c8c45, type: 3}
      propertyPath: m_Layer
      value: 9
      objectReference: {fileID: 0}
    - target: {fileID: 133514, guid: 00527f6e18debd843a66aba9400c8c45, type: 3}
      propertyPath: m_IsActive
      value: 0
      objectReference: {fileID: 0}
    - target: {fileID: 142184, guid: 00527f6e18debd843a66aba9400c8c45, type: 3}
      propertyPath: m_IsActive
      value: 0
      objectReference: {fileID: 0}
    - target: {fileID: 145614, guid: 00527f6e18debd843a66aba9400c8c45, type: 3}
      propertyPath: m_IsActive
      value: 1
      objectReference: {fileID: 0}
    - target: {fileID: 146150, guid: 00527f6e18debd843a66aba9400c8c45, type: 3}
      propertyPath: m_IsActive
      value: 1
      objectReference: {fileID: 0}
    - target: {fileID: 165936, guid: 00527f6e18debd843a66aba9400c8c45, type: 3}
      propertyPath: m_IsActive
      value: 1
      objectReference: {fileID: 0}
    - target: {fileID: 179824, guid: 00527f6e18debd843a66aba9400c8c45, type: 3}
      propertyPath: m_IsActive
      value: 0
      objectReference: {fileID: 0}
    - target: {fileID: 184806, guid: 00527f6e18debd843a66aba9400c8c45, type: 3}
      propertyPath: m_IsActive
      value: 1
      objectReference: {fileID: 0}
    - target: {fileID: 190734, guid: 00527f6e18debd843a66aba9400c8c45, type: 3}
      propertyPath: m_IsActive
      value: 0
      objectReference: {fileID: 0}
    - target: {fileID: 488092, guid: 00527f6e18debd843a66aba9400c8c45, type: 3}
      propertyPath: m_RootOrder
      value: 0
      objectReference: {fileID: 0}
    - target: {fileID: 488092, guid: 00527f6e18debd843a66aba9400c8c45, type: 3}
      propertyPath: m_LocalPosition.x
      value: 0
      objectReference: {fileID: 0}
    - target: {fileID: 488092, guid: 00527f6e18debd843a66aba9400c8c45, type: 3}
      propertyPath: m_LocalPosition.y
      value: 0
      objectReference: {fileID: 0}
    - target: {fileID: 488092, guid: 00527f6e18debd843a66aba9400c8c45, type: 3}
      propertyPath: m_LocalPosition.z
      value: 0
      objectReference: {fileID: 0}
    - target: {fileID: 488092, guid: 00527f6e18debd843a66aba9400c8c45, type: 3}
      propertyPath: m_LocalRotation.w
      value: 1
      objectReference: {fileID: 0}
    - target: {fileID: 488092, guid: 00527f6e18debd843a66aba9400c8c45, type: 3}
      propertyPath: m_LocalRotation.x
      value: -0
      objectReference: {fileID: 0}
    - target: {fileID: 488092, guid: 00527f6e18debd843a66aba9400c8c45, type: 3}
      propertyPath: m_LocalRotation.y
      value: -0
      objectReference: {fileID: 0}
    - target: {fileID: 488092, guid: 00527f6e18debd843a66aba9400c8c45, type: 3}
      propertyPath: m_LocalRotation.z
      value: -0
      objectReference: {fileID: 0}
    - target: {fileID: 488092, guid: 00527f6e18debd843a66aba9400c8c45, type: 3}
      propertyPath: m_LocalEulerAnglesHint.x
      value: 0
      objectReference: {fileID: 0}
    - target: {fileID: 488092, guid: 00527f6e18debd843a66aba9400c8c45, type: 3}
      propertyPath: m_LocalEulerAnglesHint.y
      value: 0
      objectReference: {fileID: 0}
    - target: {fileID: 488092, guid: 00527f6e18debd843a66aba9400c8c45, type: 3}
      propertyPath: m_LocalEulerAnglesHint.z
      value: 0
      objectReference: {fileID: 0}
    - target: {fileID: 2307604, guid: 00527f6e18debd843a66aba9400c8c45, type: 3}
      propertyPath: m_Enabled
      value: 1
      objectReference: {fileID: 0}
    - target: {fileID: 64034627930631420, guid: 00527f6e18debd843a66aba9400c8c45, type: 3}
      propertyPath: m_Enabled
      value: 0
      objectReference: {fileID: 0}
    - target: {fileID: 64041352094070268, guid: 00527f6e18debd843a66aba9400c8c45, type: 3}
      propertyPath: m_Enabled
      value: 0
      objectReference: {fileID: 0}
    - target: {fileID: 64043564940931014, guid: 00527f6e18debd843a66aba9400c8c45, type: 3}
      propertyPath: m_Enabled
      value: 0
      objectReference: {fileID: 0}
    - target: {fileID: 64090928212581104, guid: 00527f6e18debd843a66aba9400c8c45, type: 3}
      propertyPath: m_Enabled
      value: 0
      objectReference: {fileID: 0}
    - target: {fileID: 64164531631130130, guid: 00527f6e18debd843a66aba9400c8c45, type: 3}
      propertyPath: m_Enabled
      value: 0
      objectReference: {fileID: 0}
    - target: {fileID: 64237265029323586, guid: 00527f6e18debd843a66aba9400c8c45, type: 3}
      propertyPath: m_Enabled
      value: 0
      objectReference: {fileID: 0}
    - target: {fileID: 64347456477211140, guid: 00527f6e18debd843a66aba9400c8c45, type: 3}
      propertyPath: m_Enabled
      value: 0
      objectReference: {fileID: 0}
    - target: {fileID: 64413229164774806, guid: 00527f6e18debd843a66aba9400c8c45, type: 3}
      propertyPath: m_Enabled
      value: 0
      objectReference: {fileID: 0}
    - target: {fileID: 64477443213025008, guid: 00527f6e18debd843a66aba9400c8c45, type: 3}
      propertyPath: m_Enabled
      value: 0
      objectReference: {fileID: 0}
    - target: {fileID: 64534667152906326, guid: 00527f6e18debd843a66aba9400c8c45, type: 3}
      propertyPath: m_Enabled
      value: 0
      objectReference: {fileID: 0}
    - target: {fileID: 64615918749429588, guid: 00527f6e18debd843a66aba9400c8c45, type: 3}
      propertyPath: m_Enabled
      value: 0
      objectReference: {fileID: 0}
    - target: {fileID: 64723389863269524, guid: 00527f6e18debd843a66aba9400c8c45, type: 3}
      propertyPath: m_Convex
      value: 1
      objectReference: {fileID: 0}
    - target: {fileID: 64723389863269524, guid: 00527f6e18debd843a66aba9400c8c45, type: 3}
      propertyPath: m_Enabled
      value: 1
      objectReference: {fileID: 0}
    - target: {fileID: 64762718823588970, guid: 00527f6e18debd843a66aba9400c8c45, type: 3}
      propertyPath: m_Enabled
      value: 0
      objectReference: {fileID: 0}
    - target: {fileID: 64785153704772250, guid: 00527f6e18debd843a66aba9400c8c45, type: 3}
      propertyPath: m_Enabled
      value: 0
      objectReference: {fileID: 0}
    - target: {fileID: 64888297084802800, guid: 00527f6e18debd843a66aba9400c8c45, type: 3}
      propertyPath: m_Enabled
      value: 0
      objectReference: {fileID: 0}
    - target: {fileID: 64890344937746032, guid: 00527f6e18debd843a66aba9400c8c45, type: 3}
      propertyPath: m_Enabled
      value: 0
      objectReference: {fileID: 0}
    m_RemovedComponents: []
  m_SourcePrefab: {fileID: 100100000, guid: 00527f6e18debd843a66aba9400c8c45, type: 3}
--- !u!1 &2889839064341023172 stripped
GameObject:
  m_CorrespondingSourceObject: {fileID: 116586, guid: 00527f6e18debd843a66aba9400c8c45, type: 3}
  m_PrefabInstance: {fileID: 2889839064341139118}
  m_PrefabAsset: {fileID: 0}
--- !u!1 &2889839064341042190 stripped
GameObject:
  m_CorrespondingSourceObject: {fileID: 105120, guid: 00527f6e18debd843a66aba9400c8c45, type: 3}
  m_PrefabInstance: {fileID: 2889839064341139118}
  m_PrefabAsset: {fileID: 0}
--- !u!1 &2889839064341227424 stripped
GameObject:
  m_CorrespondingSourceObject: {fileID: 190734, guid: 00527f6e18debd843a66aba9400c8c45, type: 3}
  m_PrefabInstance: {fileID: 2889839064341139118}
  m_PrefabAsset: {fileID: 0}
--- !u!1 &2889839064341235358 stripped
GameObject:
  m_CorrespondingSourceObject: {fileID: 165936, guid: 00527f6e18debd843a66aba9400c8c45, type: 3}
  m_PrefabInstance: {fileID: 2889839064341139118}
  m_PrefabAsset: {fileID: 0}
--- !u!1 &2889839064341246174 stripped
GameObject:
  m_CorrespondingSourceObject: {fileID: 179824, guid: 00527f6e18debd843a66aba9400c8c45, type: 3}
  m_PrefabInstance: {fileID: 2889839064341139118}
  m_PrefabAsset: {fileID: 0}
--- !u!1 &2889839064341268260 stripped
GameObject:
  m_CorrespondingSourceObject: {fileID: 133514, guid: 00527f6e18debd843a66aba9400c8c45, type: 3}
  m_PrefabInstance: {fileID: 2889839064341139118}
  m_PrefabAsset: {fileID: 0}
--- !u!1 &2889839064341276102 stripped
GameObject:
  m_CorrespondingSourceObject: {fileID: 142184, guid: 00527f6e18debd843a66aba9400c8c45, type: 3}
  m_PrefabInstance: {fileID: 2889839064341139118}
  m_PrefabAsset: {fileID: 0}
--- !u!1 &2889839064341279816 stripped
GameObject:
  m_CorrespondingSourceObject: {fileID: 146150, guid: 00527f6e18debd843a66aba9400c8c45, type: 3}
  m_PrefabInstance: {fileID: 2889839064341139118}
  m_PrefabAsset: {fileID: 0}
--- !u!1 &2889839064341280352 stripped
GameObject:
  m_CorrespondingSourceObject: {fileID: 145614, guid: 00527f6e18debd843a66aba9400c8c45, type: 3}
  m_PrefabInstance: {fileID: 2889839064341139118}
  m_PrefabAsset: {fileID: 0}
--- !u!4 &2889839064341462066 stripped
Transform:
  m_CorrespondingSourceObject: {fileID: 488092, guid: 00527f6e18debd843a66aba9400c8c45, type: 3}
  m_PrefabInstance: {fileID: 2889839064341139118}
  m_PrefabAsset: {fileID: 0}
--- !u!1001 &7230139008712035556
PrefabInstance:
  m_ObjectHideFlags: 0
  serializedVersion: 2
  m_Modification:
    m_TransformParent: {fileID: 8811884681639593749}
    m_Modifications:
    - target: {fileID: 3875189395873742722, guid: 0764b843c4e7d47e38a8ad12abe0f33e, type: 3}
      propertyPath: m_RootOrder
      value: 0
      objectReference: {fileID: 0}
    - target: {fileID: 3875189395873742722, guid: 0764b843c4e7d47e38a8ad12abe0f33e, type: 3}
      propertyPath: m_LocalScale.x
      value: 48
      objectReference: {fileID: 0}
    - target: {fileID: 3875189395873742722, guid: 0764b843c4e7d47e38a8ad12abe0f33e, type: 3}
      propertyPath: m_LocalScale.y
      value: 1
      objectReference: {fileID: 0}
    - target: {fileID: 3875189395873742722, guid: 0764b843c4e7d47e38a8ad12abe0f33e, type: 3}
      propertyPath: m_LocalScale.z
      value: 48
      objectReference: {fileID: 0}
    - target: {fileID: 3875189395873742722, guid: 0764b843c4e7d47e38a8ad12abe0f33e, type: 3}
      propertyPath: m_LocalPosition.x
      value: 0
      objectReference: {fileID: 0}
    - target: {fileID: 3875189395873742722, guid: 0764b843c4e7d47e38a8ad12abe0f33e, type: 3}
      propertyPath: m_LocalPosition.y
      value: 1
      objectReference: {fileID: 0}
    - target: {fileID: 3875189395873742722, guid: 0764b843c4e7d47e38a8ad12abe0f33e, type: 3}
      propertyPath: m_LocalPosition.z
      value: 0
      objectReference: {fileID: 0}
    - target: {fileID: 3875189395873742722, guid: 0764b843c4e7d47e38a8ad12abe0f33e, type: 3}
      propertyPath: m_LocalRotation.w
      value: 1
      objectReference: {fileID: 0}
    - target: {fileID: 3875189395873742722, guid: 0764b843c4e7d47e38a8ad12abe0f33e, type: 3}
      propertyPath: m_LocalRotation.x
      value: -0
      objectReference: {fileID: 0}
    - target: {fileID: 3875189395873742722, guid: 0764b843c4e7d47e38a8ad12abe0f33e, type: 3}
      propertyPath: m_LocalRotation.y
      value: -0
      objectReference: {fileID: 0}
    - target: {fileID: 3875189395873742722, guid: 0764b843c4e7d47e38a8ad12abe0f33e, type: 3}
      propertyPath: m_LocalRotation.z
      value: -0
      objectReference: {fileID: 0}
    - target: {fileID: 3875189395873742722, guid: 0764b843c4e7d47e38a8ad12abe0f33e, type: 3}
      propertyPath: m_LocalEulerAnglesHint.x
      value: 0
      objectReference: {fileID: 0}
    - target: {fileID: 3875189395873742722, guid: 0764b843c4e7d47e38a8ad12abe0f33e, type: 3}
      propertyPath: m_LocalEulerAnglesHint.y
      value: 0
      objectReference: {fileID: 0}
    - target: {fileID: 3875189395873742722, guid: 0764b843c4e7d47e38a8ad12abe0f33e, type: 3}
      propertyPath: m_LocalEulerAnglesHint.z
      value: 0
      objectReference: {fileID: 0}
    - target: {fileID: 3875189395873742724, guid: 0764b843c4e7d47e38a8ad12abe0f33e, type: 3}
      propertyPath: m_Name
      value: ShipStats
      objectReference: {fileID: 0}
    - target: {fileID: 7755519956701317846, guid: 0764b843c4e7d47e38a8ad12abe0f33e, type: 3}
      propertyPath: m_invert
      value: 1
      objectReference: {fileID: 0}
    - target: {fileID: 7888893538122220244, guid: 0764b843c4e7d47e38a8ad12abe0f33e, type: 3}
      propertyPath: ship
      value: 
      objectReference: {fileID: 2889839063601819887}
    m_RemovedComponents: []
  m_SourcePrefab: {fileID: 100100000, guid: 0764b843c4e7d47e38a8ad12abe0f33e, type: 3}
--- !u!1 &5877739737377403744 stripped
GameObject:
  m_CorrespondingSourceObject: {fileID: 3875189395873742724, guid: 0764b843c4e7d47e38a8ad12abe0f33e, type: 3}
  m_PrefabInstance: {fileID: 7230139008712035556}
  m_PrefabAsset: {fileID: 0}
--- !u!4 &5877739737377403750 stripped
Transform:
  m_CorrespondingSourceObject: {fileID: 3875189395873742722, guid: 0764b843c4e7d47e38a8ad12abe0f33e, type: 3}
  m_PrefabInstance: {fileID: 7230139008712035556}
  m_PrefabAsset: {fileID: 0}
--- !u!1001 &7408326579471037823
PrefabInstance:
  m_ObjectHideFlags: 0
  serializedVersion: 2
  m_Modification:
    m_TransformParent: {fileID: 4385005763843748838}
    m_Modifications:
    - target: {fileID: 964560284978191332, guid: 8d8e1a5b456e2464094f2d633d183337, type: 3}
      propertyPath: m_RootOrder
      value: 0
      objectReference: {fileID: 0}
    - target: {fileID: 964560284978191332, guid: 8d8e1a5b456e2464094f2d633d183337, type: 3}
      propertyPath: m_LocalScale.x
      value: 1
      objectReference: {fileID: 0}
    - target: {fileID: 964560284978191332, guid: 8d8e1a5b456e2464094f2d633d183337, type: 3}
      propertyPath: m_LocalScale.y
      value: 1
      objectReference: {fileID: 0}
    - target: {fileID: 964560284978191332, guid: 8d8e1a5b456e2464094f2d633d183337, type: 3}
      propertyPath: m_LocalScale.z
      value: 1
      objectReference: {fileID: 0}
    - target: {fileID: 964560284978191332, guid: 8d8e1a5b456e2464094f2d633d183337, type: 3}
      propertyPath: m_LocalPosition.x
      value: 0
      objectReference: {fileID: 0}
    - target: {fileID: 964560284978191332, guid: 8d8e1a5b456e2464094f2d633d183337, type: 3}
      propertyPath: m_LocalPosition.y
      value: 0
      objectReference: {fileID: 0}
    - target: {fileID: 964560284978191332, guid: 8d8e1a5b456e2464094f2d633d183337, type: 3}
      propertyPath: m_LocalPosition.z
      value: 0
      objectReference: {fileID: 0}
    - target: {fileID: 964560284978191332, guid: 8d8e1a5b456e2464094f2d633d183337, type: 3}
      propertyPath: m_LocalRotation.w
      value: 0.7071068
      objectReference: {fileID: 0}
    - target: {fileID: 964560284978191332, guid: 8d8e1a5b456e2464094f2d633d183337, type: 3}
      propertyPath: m_LocalRotation.x
      value: 0.7071068
      objectReference: {fileID: 0}
    - target: {fileID: 964560284978191332, guid: 8d8e1a5b456e2464094f2d633d183337, type: 3}
      propertyPath: m_LocalRotation.y
      value: -0
      objectReference: {fileID: 0}
    - target: {fileID: 964560284978191332, guid: 8d8e1a5b456e2464094f2d633d183337, type: 3}
      propertyPath: m_LocalRotation.z
      value: -0
      objectReference: {fileID: 0}
    - target: {fileID: 964560284978191332, guid: 8d8e1a5b456e2464094f2d633d183337, type: 3}
      propertyPath: m_LocalEulerAnglesHint.x
      value: 90
      objectReference: {fileID: 0}
    - target: {fileID: 964560284978191332, guid: 8d8e1a5b456e2464094f2d633d183337, type: 3}
      propertyPath: m_LocalEulerAnglesHint.y
      value: 0
      objectReference: {fileID: 0}
    - target: {fileID: 964560284978191332, guid: 8d8e1a5b456e2464094f2d633d183337, type: 3}
      propertyPath: m_LocalEulerAnglesHint.z
      value: 0
      objectReference: {fileID: 0}
    - target: {fileID: 964560284978191332, guid: 8d8e1a5b456e2464094f2d633d183337, type: 3}
      propertyPath: m_ConstrainProportionsScale
      value: 0
      objectReference: {fileID: 0}
    - target: {fileID: 8315076187110368183, guid: 8d8e1a5b456e2464094f2d633d183337, type: 3}
      propertyPath: m_LocalPosition.z
      value: -0.01
      objectReference: {fileID: 0}
    - target: {fileID: 8646765500944726395, guid: 8d8e1a5b456e2464094f2d633d183337, type: 3}
      propertyPath: m_Name
      value: ShipArrow_Primary
      objectReference: {fileID: 0}
    m_RemovedComponents: []
  m_SourcePrefab: {fileID: 100100000, guid: 8d8e1a5b456e2464094f2d633d183337, type: 3}
--- !u!1 &1238721537974799364 stripped
GameObject:
  m_CorrespondingSourceObject: {fileID: 8646765500944726395, guid: 8d8e1a5b456e2464094f2d633d183337, type: 3}
  m_PrefabInstance: {fileID: 7408326579471037823}
  m_PrefabAsset: {fileID: 0}
--- !u!4 &7758971747699240603 stripped
Transform:
  m_CorrespondingSourceObject: {fileID: 964560284978191332, guid: 8d8e1a5b456e2464094f2d633d183337, type: 3}
  m_PrefabInstance: {fileID: 7408326579471037823}
  m_PrefabAsset: {fileID: 0}
